2714 3443
1269 135 1512 173 ..8.-

432 264 653 307 Consilium
679 279 776 307 vero
804 243 949 319 pedae
966 266 1075 306 nulla
1094 280 1136 307 re
1155 266 1298 307 clarius
1318 278 1540 317 cognoscas
1568 278 1685 317 quam
1713 264 1965 315 carminibus,
1982 277 2147 315 quorum
2164 267 2229 310 hic
2245 267 2347 311 ratio
2368 271 2553 314 habenda

234 329 305 377 est,
333 327 468 378 paullo
496 329 719 370 accuratius
746 328 1046 381 perlustrandis.
1076 328 1200 376 Quem
1228 329 1268 368 in
1296 340 1496 368 numerum
1524 328 1734 368 referenda
1771 331 1862 367 sunt
1888 328 2102 368 carminum
2129 329 2163 380 Ι,
2196 332 2233 382 1;
2261 331 2295 382 I,
2326 332 2391 384 125
2419 332 2450 383 1,
2478 334 2547 385 31;

233 391 266 438 1,
292 391 362 440 35;
390 391 466 440 ΙΙΙ,
494 392 557 441 30,
589 405 680 431 nam
718 392 915 439 carminis,
949 393 1057 442 quod
1089 391 1245 431 Arnold
1278 395 1437 442 praeter
1469 404 1517 431 ea
1544 390 1676 431 attulit
1707 390 1842 441 (carm.
1877 390 1930 439 11,
1964 391 2044 440 20),
2077 398 2309 442 argumento
2344 407 2432 434 cum
2460 395 2552 436 loco

232 453 400 494 Pindari
427 452 556 505 (Nem.
588 454 660 504 VI,
686 454 754 506 47)
782 467 869 495 eam
896 454 1142 495 intercedere
1174 453 1503 494 necessitudinem
1529 466 1610 494 non
1635 452 1841 505 intellego,
1876 456 1920 493 ut
1947 452 2059 494 huius
2087 455 2286 496 sententia
2322 457 2550 498 fundamen-

234 521 316 556 tum
345 517 453 556 illius
481 518 666 557 credatur
694 518 828 557 fuisse.
858 517 949 556 Hoc
976 517 1098 566 igitur
1124 516 1273 556 omisso
1290 517 1369 556 iam
1396 518 1448 556 ad
1467 521 1600 556 cetera
1626 528 1699 556 nos
1718 521 2004 565 convertamus,
2033 518 2196 567 quaein
2223 519 2302 559 duo
2324 519 2553 560 dividuntur

234 592 393 630 genera,
422 593 587 631 quorum
614 580 780 620 alterum
807 579 865 619 sic
892 583 952 619 est
978 582 1256 630 comparatum,
1286 582 1329 618 ut
1356 579 1524 635 exordio
1552 579 1603 619 ad
1629 578 1795 618 Pindari
1822 578 2044 631 exemplum
2072 578 2250 620 instituto
2272 582 2395 622 verba
2420 582 2553 623 aliena

235 642 538 693 dispositionem
573 642 852 690 tantummodo,
893 653 972 680 non
1006 645 1278 692 argumentum
1312 642 1496 681 carminis
1530 641 1716 688 indicent,
1751 641 1918 680 alterum
1951 642 2146 681 eiusmodi
2179 646 2250 692 est,
2288 647 2331 682 ut
2356 645 2552 685 sententia

235 705 429 755 quaedam
444 718 469 744 a
486 705 661 745 Pindaro
683 716 872 755 expressa
884 703 1100 756 recipiatur
1112 703 1270 755 quidem
1289 705 1339 744 ab
1354 704 1524 743 Horatio
1543 708 1583 743 et
1601 703 1784 744 carminis
1806 704 2098 744 fundamentum
2117 705 2179 753 sit,
2196 706 2268 745 sed
2283 706 2334 746 ad
2349 706 2549 758 ingenium

234 768 458 806 Romanum
484 768 805 807 accommodetur
833 771 873 805 et
901 780 973 817 pro
1003 772 1146 817 poetae
1175 767 1342 806 consilio
1369 767 1597 806 illustretur.
1652 767 1714 805 Ae
1749 766 1915 817 primum
1949 779 1997 806 ea
2030 768 2205 807 carmina
2231 768 2547 817 diiudicabimus‚

225 842 398 879 >quorum
425 833 656 881 argumento
684 829 849 870 Pindari
878 829 1114 870 sententiam
1148 829 1344 881 quandam
1375 830 1539 870 subesse
1567 827 1755 870 diximus:
1803 827 1893 869 Huc
1931 832 2060 870 autem
2102 829 2301 882 pertinent
2331 830 2548 871 carminum

232 893 265 940 Ι,
299 894 336 942 l;
364 893 396 941 1,
424 893 493 942 31,
522 892 553 941 I,
597 892 666 942 35;
712 892 788 940 111,
827 892 889 931 30.
926 892 973 931 In
1008 893 1137 943 primo
1177 893 1313 931 horum
1353 893 1564 931 carminum
1599 892 1790 931 Horatius
1820 892 1978 931 diversa
2015 893 2213 932 hominum
2245 894 2375 932 studia
2412 895 2550 945 paucis

232 967 467 1006 percurrens
495 959 535 994 et
561 955 685 994 tribus
713 956 826 1005 quasi
855 955 1089 1005 quibusdam
1118 955 1261 995 tabulis
1290 968 1518 1006 proponens
1562 955 1663 995 alios
1691 955 1848 994 laudem
1875 955 2073 1006 publicam
2098 956 2242 996 sectari
2269 956 2333 996 vel
2371 956 2550 997 victoriis

232 1017 273 1055 in
300 1016 404 1056 ludis
432 1016 604 1068 publicis
630 1018 883 1068 reportandis
912 1017 976 1056 vel
1004 1030 1100 1056 aura
1128 1017 1311 1068 populari
1339 1018 1538 1068 captanda
1565 1022 1605 1056 ct
1630 1016 1837 1068 republica
1854 1017 2166 1057 administranda
2184 1018 2281 1057 dicit
2307 1031 2395 1058 cum
2423 1018 2551 1070 iisque

233 1080 439 1131 coniungit
464 1080 643 1120 homines
672 1080 813 1128 opibus
843 1080 1128 1120 coacervandis
1155 1080 1433 1131 inservieutcs;
1470 1081 1570 1120 alios
1598 1083 1665 1120 aut
1697 1080 1804 1130 agris
1832 1079 2061 1130 subigendis
2096 1080 2351 1131 colendisque
2387 1094 2552 1133 operam

232 1143 329 1182 dare
355 1145 424 1182 aut
450 1146 636 1194 quaestus
657 1142 827 1194 cupidos
855 1155 928 1194 per
946 1155 1054 1182 mare
1073 1142 1262 1193 navigare
1274 1156 1283 1192 ;
1312 1143 1413 1182 alios
1433 1143 1598 1191 denique
1617 1142 1738 1182 vitam
1758 1142 1917 1182 mollem
1936 1147 1976 1182 ct
1994 1143 2202 1183 iucundam
2221 1144 2367 1194 degere
2387 1148 2549 1184 naturae

233 1205 539 1245 amoenitatibus
580 1205 769 1255 fruentes,
807 1205 909 1245 alios
949 1218 971 1245 e
1005 1205 1120 1245 bellis
1163 1209 1203 1244 et
1235 1206 1510 1245 venationibus
1538 1206 1781 1257 voluptatem
1809 1218 1963 1257 capere.
2021 1206 2073 1245 Se
2106 1206 2236 1258 ipsum
2262 1219 2357 1246 vero
2394 1207 2548 1258 poesim

232 1269 440 1309 adamasse
473 1272 514 1308 et
545 1272 691 1320 poetae
722 1268 881 1308 laudem
915 1272 1116 1320 appetere.
1171 1269 1329 1309 Horatii
1368 1269 1499 1309 animo
1542 1269 1583 1307 in
1616 1269 1691 1308 hoc
1721 1269 1892 1308 carmine
1920 1270 2197 1320 componendo
2224 1269 2388 1309 Pindari
2414 1269 2545 1309 locum

231 1330 471 1382 persimilem
499 1332 752 1370 obversatum
779 1343 868 1370 esse
895 1331 973 1370 iam
993 1330 1198 1370 Bentleius
1216 1332 1434 1371 rectissime
1453 1331 1660 1379 intellexit,
1689 1332 1951 1381 fragmentum
1972 1345 1997 1371 a
2014 1331 2138 1371 Sexto
2156 1331 2356 1383 Empirico
2383 1331 2539 1383 (Pyrrh.

232 1393 412 1445 Hypoth.
441 1392 471 1442 1,
499 1393 551 1432 20
577 1393 637 1433 ed.
668 1392 844 1444 Bekker)
871 1393 1057 1433 traditum
1085 1405 1322 1445 comparans
1350 1392 1439 1445 (cfr.
1466 1393 1625 1444 Fragm.
1655 1395 1725 1432 221
1762 1393 1897 1444 ng):

828 1467 1085 1507 Ἀελλοπόδων
1117 1470 1182 1519 μέν
1213 1467 1273 1507 τιν’
1305 1468 1549 1522 εὐφραίνωσιν
1576 1468 1688 1507 ἵππων

829 1536 921 1584 τίμια
951 1535 1008 1572 καὶ
1038 1538 1219 1587 στέφανοι,
1251 1535 1332 1578 τοὺς
1361 1535 1390 1572 δ’
1421 1536 1459 1572 ἐν
1488 1536 1719 1587 πολυχρύσοῑς
1749 1536 1927 1584 θαλάμοις
1958 1534 2068 1585 βιοτά·

828 1601 991 1653 τέρπεται
1019 1600 1057 1639 δὲ
1089 1602 1147 1639 καί
1177 1615 1227 1644 τις
1257 1601 1308 1639 ἔπι
1337 1600 1499 1654 (φρασὶν)
1522 1596 1618 1650 ,οἶδμ’
1653 1599 1792 1639 ἐνάλιον

827 1666 883 1704 ναῒ
914 1667 982 1718 θοᾷ
1013 1670 1085 1709 πῶς
1113 1666 1332 1717 δεαστείβων.

429 1764 646 1814 Utriusque
673 1767 814 1813 poetae
843 1764 1059 1803 sententias
1087 1764 1121 1803 si
1148 1764 1250 1804 inter
1277 1778 1319 1804 se
1348 1764 1676 1812 contenderimus,
1697 1764 1788 1812 quin
1809 1762 1998 1803 Horatius
2027 1778 2049 1804 a
2074 1764 2245 1804 Pindaro
2268 1765 2438 1816 pendeat
2465 1779 2546 1805 non

231 1827 514 1869 dubitabimus.⁴
533 1827 751 1867 Praeterea
777 1840 894 1879 quam
921 1826 961 1867 in
990 1827 1238 1868 arcessendis
1267 1831 1306 1868 et
1332 1827 1548 1868 tractandis
1578 1827 1744 1868 alioruin
1773 1827 1942 1867 inventis
1971 1832 2126 1868 secutus
2155 1828 2206 1867 sit
2232 1828 2439 1879 rationem,
2482 1828 2547 1868 vel

231 1898 311 1930 tam
337 1903 464 1942 parvo
493 1891 716 1940 fragmento
745 1890 884 1929 elucet.
913 1890 1071 1929 Etenim
1099 1895 1247 1929 tantum
1268 1892 1391 1938 abest,
1421 1895 1463 1928 ut
1483 1891 1652 1940 exempli
1674 1891 1731 1928 sui
1756 1892 1923 1939 vestigia
1941 1892 2125 1930 servilem
2145 1892 2185 1930 in
2212 1893 2366 1930 modum
2395 1897 2548 1942 premat

231 1954 441 2005 ver-bisque
467 1953 682 2001 inhaereat,
703 1956 745 1992 ut
762 1956 881 1993 totam
901 1953 1068 1993 formam
1088 1957 1210 1993 mutet
1225 1957 1572 2005 argumentumque
1592 1953 1774 2005 diffinget
1790 1957 1830 1993 et
1848 1953 2049 1994 coloribus
2067 1954 2256 1995 Romanis
2278 1955 2548 2004 commisceat,

232 2018 300 2057 sed
330 2028 410 2055 non
436 2016 493 2055 ita
519 2017 707 2064 immutet,
737 2019 778 2054 ut
805 2017 956 2067 peritos
984 2016 1154 2055 lectores
1183 2016 1297 2065 origo
1324 2020 1558 2063 praetereat.
1614 2017 1751 2066 Itaque
1785 2017 1825 2054 in
1858 2016 1929 2055 illo
1965 2029 2122 2067 quoque
2151 2018 2323 2056 carmine
2351 2018 2546 2067 imagines

232 2080 373 2130 quibus
401 2080 619 2119 sententias
649 2085 827 2130 exornet,
855 2093 876 2119 e
909 2079 1178 2119 Romanorum
1213 2079 1295 2118 vita
1335 2085 1510 2130 sumptas
1545 2079 1733 2128 videmus,
1769 2083 1949 2131 excepta,
1991 2084 2034 2119 ut
2072 2080 2236 2129 videtur,
2273 2093 2362 2129 una,
2392 2080 2442 2119 de
2469 2091 2549 2129 qua

231 2141 449 2194 disceptari
477 2145 613 2194 potest
640 2146 681 2182 et
706 2143 782 2182 viri
809 2142 918 2183 docti
944 2142 985 2182 iu
1012 2142 1191 2182 diversas
1219 2141 1431 2181 discedunt
1456 2145 1603 2192 partes.
1632 2140 1733 2181 Nam
1762 2153 1849 2182 cum
1876 2142 2066 2182 Horatius
2096 2142 2209 2182 dicit:

889 2204 990 2244 Sunt
1017 2216 1116 2255 quos
1145 2204 1342 2243 curriculo
1370 2204 1576 2254 pulverem
1605 2203 1856 2255 Olympicum

889 2267 1112 2319 Collegisse
1139 2267 1261 2317 iuvat,

231 2331 302 2371 alii
330 2335 475 2383 poetae
503 2332 628 2370 nostri
656 2332 901 2383 temporibus
929 2331 1085 2370 nobiles
1111 2330 1315 2370 Romanos
1352 2330 1564 2382 Olympiae
1591 2330 1793 2380 quadrigis
1820 2331 1870 2370 de
1904 2331 2081 2382 praemio
2110 2335 2298 2381 certasse,
2327 2331 2395 2371 alii
2422 2331 2546 2370 imita·

230 2395 377 2433 tionem
404 2394 587 2433 ludorum
622 2394 920 2445 Olympicorum
954 2395 1004 2433 ab
1039 2394 1221 2444 Augusto
1255 2392 1409 2432 Romae
1442 2392 1659 2432 institutam
1687 2405 1777 2433 esse
1804 2397 1963 2444 putant;
1998 2406 2125 2446 neque
2158 2394 2310 2443 desunt,
2345 2394 2424 2444 qui,
2459 2406 2547 2433 cum

230 2456 431 2496 etiamtum
457 2469 482 2496 a
510 2455 676 2497 Graecis
705 2456 905 2507 opulentis
932 2459 972 2496 et
989 2455 1111 2496 Asiae
1140 2455 1303 2495 minoris
1330 2455 1480 2507 regulis
1510 2454 1691 2496 Graecae
1709 2455 1844 2508 stirpis
1872 2455 2169 2497 celebrarentur
2197 2455 2394 2509 Olympia,
2424 2455 2545 2496 facile

231 2518 316 2558 fieri
344 2519 524 2570 potuisse
552 2519 799 2568 arbitrentur,
828 2523 871 2558 ut
898 2523 1018 2571 poeta
1044 2519 1132 2570 ipse
1159 2518 1252 2558 illos
1281 2517 1525 2558 Graecorum
1551 2518 1667 2558 ludos
1696 2518 1910 2569 aliquando
1930 2522 2130 2570 spectaret
2156 2519 2246 2570 (cfr.
2275 2520 2325 2558 A.
2353 2518 2543 2568 Doering,

229 2581 376 2620 Philol.
404 2582 468 2630 33,
497 2595 535 2632 p.
565 2582 640 2620 716
669 2587 709 2622 et
737 2582 873 2630 Orelli,
899 2581 1039 2621 Horat.
1059 2595 1177 2621 carm.
1207 2581 1237 2629 1,
1266 2595 1304 2632 p.
1333 2581 1388 2631 2).
1415 2580 1553 2631 Neque
1572 2585 1702 2620 tamen
1730 2581 1791 2620 his
1820 2581 2076 2633 opinionibus
2096 2581 2329 2633 adstipulor,
2358 2581 2428 2621 scd
2456 2593 2543 2620 cum

235 2644 456 2695 Doeringio
485 2645 620 2685 facere
647 2644 792 2694 malim,
820 2644 886 2696 qui
917 2643 1123 2684 Horatium
1153 2643 1350 2684 Graecum
1390 2644 1539 2684 sontem
1566 2656 1645 2684 non
1673 2644 1775 2684 adeo
1804 2643 2068 2684 occultavisse
2101 2647 2247 2694 censet,
2275 2648 2318 2684 ut
2343 2643 2377 2684 is
2405 2643 2546 2683 doctos

231 2707 403 2747 lectores
431 2707 599 2759 fugeret,
628 2712 696 2747 aut
721 2708 854 2760 potius
883 2707 1093 2747 Horatium
1124 2707 1316 2747 victorias
1344 2720 1368 2746 a
1395 2707 1570 2746 Pindaro
1601 2707 1821 2747 celebratas
1847 2707 2072 2759 respexisse
2100 2708 2294 2747 existimo.

426 2771 579 2810 Eadem
617 2772 702 2810 fere
744 2772 928 2810 condicio
972 2775 1033 2809 est
1069 2775 1289 2810 ceterorum
1323 2770 1540 2810 carminum
1575 2771 1623 2820 (Ι,
1659 2771 1726 2819 31;
1759 2771 1791 2819 Ι,
1825 2771 1894 2820 35,
1927 2770 2001 2818 111,
2035 2770 2116 2821 30),
2157 2783 2269 2821 quae,
2312 2782 2546 2820 quamquam

230 2836 463 2884 argumenta
504 2845 641 2873 eorum
682 2833 734 2873 ad
776 2833 993 2873 sententias
1034 2833 1225 2884 quasdam
1258 2831 1423 2872 Pindari
1456 2831 1667 2872 referenda
1707 2844 1795 2873 esse
1834 2831 2047 2872 verisimile
2088 2836 2160 2882 est,
2200 2836 2333 2873 tamen
2366 2830 2423 2870 ita
2457 2832 2548 2870 sunt

230 2897 464 2948 composita,
505 2900 548 2935 ut
590 2897 726 2936 tenuia
760 2896 887 2936 solum
926 2896 1098 2947 vestigia
1130 2895 1296 2947 originis
1329 2895 1537 2947 supersint.
1585 2895 1687 2936 Nam
1722 2896 1825 2935 inter
1858 2895 1950 2935 libri
1985 2895 2004 2934 I
2033 2895 2216 2935 carminis
2242 2896 2290 2935 31
2336 2907 2416 2945 quo
2451 2892 2546 2944 quid

233 2959 455 3010 multitudo,
485 2960 579 3011 quid
608 2960 697 3011 ipse
719 2963 830 3011 petat
847 2959 1038 2999 Horatius
1060 2959 1185 2998 fusius
1206 2958 1381 3010 exponit,
1402 2962 1669 3008 argumentum
1691 2962 1729 2998 et
1750 2958 1913 2998 Pindari
1932 2958 2062 2998 locum
2085 2958 2214 3009 (Nem.
2235 2957 2349 3007 VIII,
2367 2956 2417 2997 37
2436 2955 2545 3007 sqq):

961 3045 1100 3099 Χρυσὸν
1130 3045 1303 3099 εὖχονταα
1341 3044 1454 3082 πεδίον
1482 3044 1512 3082 >ss
1543 3045 1652 3098 {tepet

827 3113 1034 3165 ἀπέραντον·
1066 3110 1136 3162 ἐγὼ
1165 3110 1195 3148 δ’
1224 3112 1344 3154 ἀστοῖς
1374 3110 1468 3148 ἁδὼν
1497 3124 1562 3162 καῖ
1594 3111 1699 3164 χθονὶ
1727 3115 1805 3161 γυῖα
1834 3109 2040 3163 καλύψαιμ’,

828 3179 955 3217 αἰνέων
984 3178 1125 3231 αἰνητά,
1158 3178 1307 3231 μομφάν
1336 3174 1366 3215 δ’
1397 3176 1605 3233 ἐπισπείρων
1635 3177 1799 3233 ἀλιτροῖς,
