2714 3443
1247 165 1506 208 „10—

221 313 490 355 summumque
515 300 618 342 inter
644 310 716 341 eos
742 299 964 352 Augustum
992 298 1169 340 celebrat
1195 302 1236 340 et
1262 299 1517 351 gravissimas
1543 311 1618 352 pro
1645 299 1760 340 huius
1778 299 1905 340 salute
1933 300 2063 341 futura
2080 314 2221 354 preces
2248 303 2371 346 addit.
2399 302 2523 352 Quem

220 366 405 408 carminis
432 364 644 407 Horatiaui
671 375 828 405 cursum
856 364 891 404 si
917 363 1197 405 contulerimus
1225 375 1313 404 cum
1340 362 1525 404 carminis
1550 361 1755 403 Pindarici
1788 374 1916 413 cursu,
1943 366 2149 416 utrumque
2175 370 2334 418 poetam
2364 366 2524 407 diversa

218 430 286 470 via
311 430 501 482 progredi
527 427 816 478 intellegemus.
843 427 1041 467 Pindarus
1068 427 1171 467 enim
1198 426 1363 466 exordio
1387 426 1507 475 facto,
1534 430 1745 478 postquam
1762 439 1836 477 pro
1856 439 1965 468 more
1992 440 2063 468 suo
2087 427 2226 469 Iovem
2253 434 2298 470 ιιι
2314 434 2524 481 patronum

219 492 340 533 Pisae
374 495 415 532 et
444 490 659 531 Herculem
692 489 878 530 sacrificii
918 488 1117 541 Olympici
1173 487 1376 527 sollemnis
1419 491 1620 528 auctorem
1660 487 1825 527 strictim
1862 490 2185 529 commemoravit
2222 489 2274 542 (v.
2310 492 2347 542 3,
2374 492 2413 533 4.
2441 494 2524 546 ἦτοι

219 554 317 595 Πίσα
343 555 408 606 μὲν
441 555 534 601 Διός,
570 551 798 605 Ὀλυμπιάδα
831 552 862 590 δ’
898 553 1048 591 ἔστασεν
1106 551 1299 605 Ηρακλέης
1331 574 1386 579 -
1422 551 1590 605 ἀκρόθινα
1617 551 1806 602 πολέμου),
1834 553 1912 593 hoc
1938 552 2106 593 maxime
2132 553 2208 593 sibi
2233 557 2454 607 proposuit,
2482 563 2525 597 ut

219 619 418 660 Theronis
445 619 610 670 eiusque
637 618 811 659 familiae
838 617 975 657 laudes
994 619 1168 665 caneret;
1196 615 1387 655 Horatius
1408 628 1514 665 vero,
1544 616 1619 656 etsi
1635 616 1730 656 item
1756 616 1978 666 Augustum
1996 615 2264 656 celebraturus
2291 621 2363 665 est.
2390 623 2523 660 tamen

218 682 443 734 complures
470 682 570 722 deos
598 685 640 722 et
664 684 806 721 heroes
834 682 1036 720 enumerat
1067 682 1185 729 atque
1217 677 1329 717 brevi
1361 677 1494 728 elogio
1523 682 1649 727 ornat,
1676 678 1799 727 nullo,
1833 681 1877 716 ut
1902 677 2031 728 primo
2065 678 2204 717 obtutu
2239 679 2407 730 videtur,
2441 682 2521 722 alio

217 744 387 784 consilio
416 745 570 793 ductus,
598 756 715 795 quam
740 747 784 781 ut
809 742 1015 781 exordium
1042 752 1179 791 presse
1206 743 1404 790 sequatur.
1457 739 1596 790 Neque
1623 753 1719 779 vero
1748 744 1905 787 temere,
1939 743 1981 778 ut
2006 739 2182 779 misellus
2208 745 2340 791 poeta,
2374 744 2444 782 sed
2471 745 2522 783 de

217 807 414 847 industria
439 807 519 847 hoc
546 807 692 846 fecisse
719 805 916 857 putandus
944 808 1014 843 est.
1056 802 1157 842 Nam
1186 815 1272 842 cum
1301 803 1521 852 Augustum
1549 815 1638 842 cum
1664 802 1741 842 diis
1768 801 2067 854 potentissimis,
2095 815 2182 842 cum
2209 802 2407 853 heroibus,
2435 818 2522 846 cum

217 869 314 910 viris
354 870 405 910 de
444 869 653 922 republica
684 868 865 908 Romana
901 866 1048 919 optime
1080 865 1231 906 meritis
1264 864 1480 911 consociat,
1514 865 1645 917 gloria
1678 865 1762 906 eius
1796 864 1943 906 clarior
1975 864 2130 905 exsistit
2166 868 2285 917 atque
2317 866 2521 910 illustrior.

218 933 300 974 Sed
327 946 378 974 ne
405 933 565 985 longius
592 946 617 972 a
641 945 686 972 re
712 930 923 984 proposita
949 929 1191 970 declinemus
1218 940 1320 968 neve
1346 929 1580 980 quaestione
1607 928 1865 981 implicemur,
1894 940 1996 979 quae
2023 927 2202 969 homines
2229 930 2371 971 doctos
2397 944 2522 983 usque

218 997 271 1037 ad
308 996 386 1037 hoc
422 1000 577 1048 tempus
609 997 863 1036 vehementer
898 993 1017 1034 torsit
1049 996 1089 1033 et
1122 992 1296 1033 nondum
1329 992 1514 1033 absoluta
1546 998 1617 1043 est,
1657 1005 1705 1033 eo
1740 996 1993 1042 revertamur,
2033 992 2135 1032 unde
2171 992 2339 1044 digressi
2377 1007 2520 1037 sumus.

219 1060 400 1101 Diximus
427 1059 558 1111 igitur,
586 1058 797 1099 Horatium
824 1061 984 1110 praeter
1021 1054 1270 1108 principium,
1310 1055 1373 1095 cui
1406 1056 1618 1108 dispositio
1652 1056 1837 1096 carminis
1871 1056 2170 1096 accommodata
2205 1056 2268 1106 sit,
2296 1070 2320 1097 a
2346 1058 2521 1100 Pindaro

217 1123 315 1162 nihil
342 1123 500 1162 habere.
554 1120 800 1172 Quamquam
827 1125 973 1172 poetae
1005 1123 1142 1158 nostro
1176 1119 1218 1157 in
1252 1118 1482 1170 precatione
1514 1132 1588 1170 pro
1623 1119 1794 1169 Augusti
1826 1118 1953 1158 salute
1986 1119 2093 1159 facta
2126 1120 2302 1159 eiusdem
2338 1123 2521 1163 carminis

216 1183 297 1237 (Ol.
324 1184 384 1236 II)
411 1196 549 1224 versus
575 1183 668 1223 inde
689 1196 715 1224 a
740 1195 857 1224 versu
889 1182 947 1223 12.
973 1181 1072 1236 (ἀλλ’
1102 1181 1132 1220 ὦ
1162 1181 1289 1236 Κρόνιε
1314 1186 1375 1220 παῖ
1411 1179 1533 1228 Ῥέας,
1562 1182 1641 1225 ἕδος
1669 1180 1853 1232 Ὀλύμπου
1881 1183 2001 1232 νέμων
2030 1203 2081 1211 -
2112 1183 2256 1221 ἀέθλων
2286 1197 2327 1222 τε
2362 1187 2520 1239 κορυφάν

215 1252 319 1302 πόρον
347 1248 378 1286 τ’
404 1248 577 1301 Ἀλφεοῦ,
606 1247 743 1290 ἰανθεὶς
771 1248 903 1291 ἀοιδαῖς
932 1272 983 1277 -
1015 1249 1152 1302 εὔφρων
1181 1246 1336 1301 ἄρουραν
1365 1249 1415 1286 ἔτι
1443 1249 1589 1301 πατρίαν
1619 1250 1733 1300 σφίσιν
1763 1251 1907 1298 κόμισον
1934 1271 1985 1275 —--
2009 1248 2124 1299 λοιπῷ
2148 1247 2257 1301 γένει)
2286 1251 2520 1291 obversatus

215 1326 304 1354 esse
330 1312 552 1353 Arnoldum
579 1312 685 1352 haud
710 1312 856 1352 iniuria
880 1312 1080 1353 affirmare
1107 1316 1204 1364 puto
1231 1325 1360 1363 neque
1387 1312 1533 1353 infitias
1563 1325 1612 1352 eo
1640 1311 1726 1352 fieri
1754 1312 1943 1364 potuisse,
1979 1316 2022 1352 ut
2053 1312 2244 1353 Horatius
2279 1314 2330 1353 ad
2355 1313 2520 1354 Pindari

215 1375 438 1429 exemplum
473 1387 632 1415 carmen
664 1374 722 1414 ita
748 1374 962 1427 disponere
993 1375 1035 1414 in
1061 1375 1199 1422 ,animo
1232 1375 1406 1424 baberet,
1440 1379 1483 1414 ut
1515 1377 1714 1426 strophae,
1749 1374 2035 1426 antisti-ophae,
2070 1375 2190 1426 epodi
2227 1375 2351 1415 instar
2383 1379 2520 1416 ternae

216 1441 404 1490 strophae
431 1438 628 1477 artissime
654 1438 760 1477 inter
785 1450 828 1477 se
855 1438 1115 1478 cohaererent
1145 1437 1234 1488 (cfr,
1262 1438 1406 1486 Christ,
1434 1438 1578 1477 Metrik
1597 1438 1668 1477 der
1687 1437 1885 1478 Griechen
1906 1438 1985 1477 und
2006 1437 2155 1478 Romer
2181 1452 2220 1490 p.
2248 1438 2341 1489 6393
2370 1438 2518 1488 Keller,

215 1500 510 1554 Epilegomena
537 1512 585 1539 zu
611 1498 747 1540 Horaz
774 1499 826 1540 ad
854 1511 974 1542 carm.
999 1499 1032 1549 Ι,
1064 1500 1128 1550 12,
1155 1499 1323 1540 Hermes
1350 1499 1486 1549 XVII,
1514 1512 1553 1552 p.
1580 1500 1657 1540 513
1684 1499 1774 1552 sq.).
1814 1499 1897 1539 Alii
1923 1500 2060 1540 nescio
2088 1513 2139 1540 an
2166 1500 2334 1540 exordio
2361 1501 2451 1553 ipso
2478 1502 2518 1541 in

215 1575 390 1604 errorem
415 1563 567 1602 inducti
593 1563 683 1611 sint,
711 1564 931 1613 argumenti
959 1575 1116 1613 quoque
1132 1563 1425 1602 similitudinem
1452 1562 1654 1613 suspicati,
1681 1567 1723 1601 ut
1741 1562 1843 1602 hanc
1870 1562 2098 1614 opinionem
2117 1564 2345 1614 probarent,
2373 1564 2518 1603 obnixe

215 1627 507 1668 contenderunt
534 1626 625 1677 (cfr.
652 1625 867 1677 Kiessling,
903 1625 1203 1678 Philologische
1235 1625 1593 1677 Untersuchungen
1624 1625 1678 1675 11,
1711 1638 1751 1678 p.
1785 1625 1836 1666 99
1862 1638 1934 1677 sq„
1963 1626 2026 1667 cui
2058 1630 2166 1667 recte
2194 1626 2397 1668 adversari
2423 1627 2539 1670 mihi.

215 1690 372 1729 videtur
396 1689 554 1739 Pluess,
581 1688 876 1729 Horazstudien
903 1702 942 1740 p.
972 1689 1021 1728 78
1048 1688 1136 1740 sq.).
1164 1689 1292 1728 Huius
1310 1701 1404 1728 vero
1433 1689 1734 1728 convenientiae
1760 1701 1810 1728 ne
1828 1688 2096 1728 tenuissimum
2123 1689 2282 1739 quidem
2309 1690 2517 1740 vestigium

212 1753 385 1791 invenio.
428 1752 591 1791 Lustres
618 1752 749 1800 velim,
777 1763 880 1801 quae
908 1752 1104 1791 sententia
1129 1764 1281 1791 summa
1307 1751 1470 1791 carmini
1497 1751 1711 1790 Pindarico
1738 1751 1918 1790 subiecta
1944 1753 2006 1790 sit.
2060 1752 2256 1792 Pindarus
2283 1757 2323 1792 et
2349 1753 2517 1793 victoria

214 1815 424 1865 Theronis,
458 1814 525 1866 qui
557 1813 694 1867 paullo
727 1818 819 1854 ante
852 1813 959 1854 bello
993 1814 1180 1854 intestino
1225 1814 1438 1854 afflictatus
1467 1817 1553 1853 erat
1585 1811 1671 1864 (cfr.
1710 1812 1874 1853 Boeckh
1910 1817 1950 1853 et
1983 1813 2127 1854 Dissen
2166 1815 2217 1854 ad
2263 1814 2325 1855 Ol.
2360 1814 2432 1865 ΙΙ),
2477 1820 2517 1855 3ι

213 1879 403 1920 maiorum
430 1882 539 1918 sorte
566 1878 776 1918 ostendere
802 1878 945 1927 studet,
974 1890 1078 1927 „non
1106 1878 1141 1917 si
1168 1878 1272 1918 male
1304 1889 1418 1926 nunc,
1446 1881 1486 1916 et
1524 1876 1618 1916 olim
1652 1876 1709 1916 sic
1743 1876 1866 1925 fore,“
1900 1877 1970 1916 sed
2002 1890 2067 1917 res
2099 1878 2287 1918 adversas
2320 1891 2516 1931 prospera

214 1941 374 1981 fortuna
400 1939 662 1993 compensari.
690 1939 883 1980 Horatius
910 1953 1006 1980 vero
1034 1940 1133 1980 nihil
1152 1940 1260 1979 aliud
1287 1944 1468 1992 spectare
1497 1939 1591 1977 mihi
1609 1939 1774 1987 videtur,
1802 1939 1878 1978 nisi
1905 1944 1948 1978 ut
1974 1940 2144 1990 Augusti
2170 1942 2320 1980 recenti
2349 1942 2515 1981 victoria

212 2004 312 2044 clari
336 2004 557 2056 potentiam
585 2007 624 2043 et
650 2003 823 2043 maxima
849 2004 900 2043 de
926 2016 971 2043 re
990 2003 1151 2054 publica
1168 2003 1308 2042 merita
1324 2002 1495 2041 illustret
1520 2005 1638 2051 atque
1663 2001 1784 2041 veluti
1805 2001 1941 2041 Iovem
1959 2002 2062 2042 inter
2080 2004 2189 2053 (1303,
2218 2004 2275 2044 sic
2293 2005 2513 2054 Augustum

212 2079 236 2106 a
263 2066 361 2107 Iove
388 2066 603 2107 secundum
630 2066 734 2105 inter
758 2064 963 2106 Romanos
991 2078 1180 2105 summum
1208 2077 1296 2105 3333
1324 2064 1479 2104 doceat.

405 2139 617 2191 Reliquum
645 2143 716 2188 est,
743 2143 787 2178 ut
813 2151 1068 2191 exponamus,
1104 2151 1182 2190 qua
1208 2151 1328 2178 causa
1359 2139 1516 2177 ductum
1550 2137 1758 2176 Horatium
1788 2138 1992 2177 exordium
2026 2152 2050 2178 a
2081 2139 2257 2178 Pindaro
2285 2140 2326 2178 in
2354 2152 2512 2180 carmen

210 2216 321 2242 suum
346 2202 594 2242 transtulisse
622 2202 867 2242 arbitremur.
895 2201 1090 2242 Carminis
1119 2202 1312 2251 originem
1338 2201 1486 2240 hancce
1514 2200 1636 2239 fuisse
1665 2200 1907 2250 cogitatione
1933 2201 2128 2252 fingimus.
2181 2202 2371 2242 Horatius
2398 2204 2511 2252 gravi

211 2266 383 2317 quodam
409 2287 461 2294 —
487 2264 572 2304 sive
597 2264 749 2305 recenti
775 2263 946 2304 victoria
971 2264 1142 2315 Augusti
1170 2264 1254 2303 sive
1281 2263 1360 2303 alia
1387 2275 1430 2302 re
1463 2263 1633 2302 iucunda
1663 2285 1705 2291 -
1737 2266 1880 2302 eventu
1911 2262 2039 2303 laetus
2064 2268 2104 2303 et
2138 2276 2320 2315 magnum
2347 2265 2511 2316 aliquod

208 2332 482 2379 argumentum
508 2328 560 2368 ad
597 2327 780 2368 Caesaris
813 2330 1004 2368 honorem
1037 2327 1206 2367 canendi
1238 2326 1369 2366 studio
1401 2327 1595 2374 incensus,
1635 2337 1721 2365 cum
1755 2325 1960 2366 sublimem
1993 2327 2225 2367 sententiam
2255 2328 2386 2368 animo
2419 2340 2510 2368 con·

207 2392 392 2445 cepisset,
425 2395 469 2431 ut
501 2390 644 2441 „simul
676 2390 894 2442 legentium
921 2390 1074 2431 animos
1113 2389 1331 2430 delectaret
1362 2394 1401 2430 et
1439 2389 1602 2430 carmini
1634 2389 1711 2441 ipsi
1744 2389 1931 2430 maiorem
1971 2390 2205 2441 gravitatem
2241 2392 2509 2442 conciliaret,“

206 2455 412 2495 exordium
437 2444 818 2494 illud'Pindaricum
845 2454 1062 2493 sententiae
1089 2466 1184 2493 suae
1212 2453 1452 2493 conveniens
1479 2458 1522 2493 ut
1549 2453 1633 2496 ἔπος
1661 2456 1809 2507 πτερόεν
1836 2457 2031 2493 mutuatus
2058 2461 2128 2493 est.

402 2528 617 2568 Videamus
645 2540 760 2576 nunc,
789 2540 889 2578 quae
916 2527 1134 2567 sententiae
1170 2539 1365 2579 quaeque·
1383 2527 1542 2568 vivendi
1574 2533 1790 2582 praecepta
1821 2541 1894 2581 per
1927 2528 2087 2568 Horatii
2120 2529 2296 2569 carmina
2328 2530 2509 2582 dispersa

204 2592 419 2632 Pindarum
445 2591 628 2632 redolere
655 2591 875 2631 videantur.
931 2590 1018 2638 Qua
1044 2591 1085 2630 in
1111 2603 1155 2631 re
1187 2603 1238 2630 ne
1271 2590 1381 2630 nimii
1414 2591 1533 2632 simus
1560 2605 1660 2632 neve
1689 2605 1847 2644 quoque
1873 2592 1965 2632 loco
1998 2591 2258 2632 imitationem
2285 2593 2506 2642 odoremur,

204 2657 457 2694 vehementer
497 2654 714 2693 cavendum
760 2658 831 2693 est.
882 2653 975 2693 Hoc
1009 2653 1165 2703 quidem
1194 2653 1312 2693 certis
1347 2653 1539 2694 evincitur
1566 2657 1805 2705 argumentis
1839 2655 2048 2694 Horatium
2083 2676 2133 2683 --
2165 2655 2206 2694 id
2234 2656 2341 2705 quod
2368 2656 2508 2708 optimi

203 2716 393 2767 cuiusque
434 2720 475 2756 et
506 2728 599 2756 vere
642 2719 788 2768 poetae
827 2719 890 2755 est
924 2737 966 2744 -—
1011 2715 1242 2767 saepissime
1275 2716 1403 2754 bonos
1436 2717 1653 2768 scriptores
1685 2717 1903 2758 imitatione
1949 2716 2194 2769 expressisse
2233 2721 2273 2756 et
2311 2718 2505 2768 insignem

202 2779 375 2830 aliquam
402 2778 504 2818 alius
521 2782 667 2830 poetae
684 2778 919 2819 sententiam
937 2790 1048 2817 suam
1065 2778 1222 2826 fecisse,
1241 2778 1318 2817 boc
1338 2778 1507 2819 fortasse
1526 2779 1670 2829 anim0,
1690 2784 1732 2819 ut
1751 2780 1957 2820 doctrinae
1977 2780 2214 2830 elegantiam
2235 2780 2504 2831 scientiaeque

201 2841 502 2893 amplitudinem
529 2853 626 2892 prae
653 2853 696 2881 33
724 2841 846 2881 ferret
872 2845 912 2880 et
938 2841 1122 2881 carminis
1150 2841 1383 2890 dignitatem
1413 2846 1586 2892 augeret.
1616 2842 1697 2882 Sed
1723 2843 1817 2893 quid
1845 2843 1971 2893 magis
2004 2854 2234 2893 perversum
2261 2855 2349 2883 esse
2376 2843 2505 2894 possit

201 2916 329 2954 quam,
357 2904 580 2955 ubicunque
606 2903 647 2942 in
674 2903 840 2942 duorum
866 2907 1075 2955 poetarum
1102 2903 1250 2942 similes
1279 2904 1469 2953 quasdam
1497 2905 1713 2944 sententias
1740 2905 1994 2953 incurramus,
2021 2905 2077 2944 ibi
2104 2904 2271 2944 alterum
2296 2907 2348 2944 ab
2375 2905 2501 2944 altero

200 2967 377 3019 pendere
404 2966 618 3008 confestim
645 2966 853 3007 divinare?
881 2966 1031 3007 Contra
1056 2965 1268 3006 Horatium
1295 2978 1375 3006 non
1402 2979 1489 3007 eum
1507 2967 1795 3019 intellegamus,
1825 2968 1892 3020 qui
1920 2967 2076 3019 singula
2093 2966 2501 3017 verba1'sententiasve

199 3029 288 3083 apis
315 3029 490 3071 Matinae
517 3041 628 3070 more
653 3030 851 3082 modoque
878 3029 994 3070 anxie
1012 3029 1223 3079 colligeret
1240 3033 1281 3069 et
1307 3035 1573 3081 coacervaret,
1602 3032 1671 3071 sed
1689 3031 1823 3082 quiex
1841 3031 1982 3071 diurna
2000 3035 2271 3083 nocturnaque
2297 3035 2501 3071 auctorum

199 3094 627 3144 praestantissimorum
653 3094 826 3133 lectione
853 3106 989 3133 eorum
1017 3093 1326 3143 cogitationibus
1354 3094 1573 3144 mentisque
1599 3095 1726 3133 sensis
1752 3095 1936 3143 imbutus,
1964 3107 2052 3134 cum
2078 3094 2166 3145 ipse
2195 3097 2237 3133 in
2262 3094 2500 3134 carminibus

199 3154 420 3196 condendis
447 3167 610 3208 operam
635 3159 813 3208 poneret,
841 3155 960 3196 modo
994 3154 1124 3195 sciens
1151 3155 1270 3195 modo
1306 3154 1477 3196 insciens
1506 3168 1565 3206 ea,
1599 3168 1700 3208 quae
1733 3155 1803 3197 alii
1835 3156 2123 3207 excogitarunt,
2155 3156 2197 3196 in
2222 3168 2296 3197 sua
2326 3155 2501 3197 carmina

197 3218 442 3262 transferret.
470 3218 757 3260 Difficillimum
783 3219 904 3273 igitur
931 3222 971 3260 et
996 3218 1169 3259 diuturni
1196 3218 1318 3259 studii
1350 3223 1421 3271 est,
1450 3219 1684 3272 praesertim
1711 3231 1798 3261 cum
1824 3220 1931 3274 apud
1958 3220 2137 3261 diversos
2165 3224 2305 3275 poetas
2333 3221 2497 3262 eandem
