2714 3443
1189 187 1431 225 -5„..

153 316 198 358 Ο.
242 316 391 371 Valgio
431 317 539 360 Rufo
577 317 725 372 poeta),
753 318 803 361 ad
832 328 946 371 quem
987 316 1174 369 scriptum
1203 322 1264 360 est
1296 317 1455 360 Horatii
1487 330 1605 358 carm.
1640 316 1693 363 11,
1728 317 1770 367 9;
1807 316 1875 357 alii
1913 316 2124 358 Antonium
2153 315 2298 356 Rufum
2338 313 2460 355 fuisse

153 385 324 432 censent,
353 381 421 434 qui
446 382 607 424 Acrone
633 386 734 424 teste
762 383 830 434 (ad
863 383 911 423 A.
939 383 986 423 P.
1014 382 1106 434 288)
1134 386 1360 436 praetextas
1397 386 1437 423 et
1462 385 1618 434 togatas
1652 381 1822 434 scripsit,
1861 392 1988 432 neque
2016 380 2212 422 diversum
2241 390 2330 420 eum
2358 389 2460 418 esse.

159 446 376 496 opinantur
414 459 439 486 a
473 448 731 497 grammatico
770 449 910 488 eodem
939 447 1098 488 nomine
1124 447 1328 498 appellato
1362 446 1451 496 (cfr.
1487 446 1649 494 Quintil.
1688 446 1720 494 1,
1748 445 1785 495 5,
1818 445 1889 494 43;
1927 445 2015 484 Vel.
2049 445 2175 495 Long.
2210 444 2262 482 de
2295 441 2462 490 orthogr

153 520 191 559 p.
220 507 343 559 2237;
370 507 609 562 Peerlkamp
637 510 689 550 ad
715 508 856 550 Horat.
884 509 956 560 lV,
985 510 1022 560 2,
1048 509 1127 562 26).
1181 509 1312 549 Etiam
1340 509 1389 549 de
1418 509 1526 549 Titio
1555 508 1776 560 ambigitur.
1830 507 1986 548 Etenim
2014 520 2113 558 quae
2141 504 2381 546 scholiastae
2409 504 2461 543 ad

152 570 293 609 Horat.
322 570 438 623 epist.
465 572 497 621 Ι,
525 572 576 611 39
602 573 795 612 adnotant
821 573 1018 623 (Acronz
1046 572 1213 613 Deridet
1230 572 1375 612 Titium
1395 576 1566 624 poetam,
1596 572 1662 623 qui
1681 572 1898 611 Pindarum
1926 570 2133 616 Graecum,
2162 597 2362 609 ......
2392 567 2459 615 ,in

153 632 336 674 Latinum
363 648 584 676 sermonem
616 640 780 676 conatus
808 641 869 676 est
894 637 1121 677 transferre.
1160 636 1262 677 Nam
1288 637 1519 686 tragoedias
1541 641 1581 676 et
1606 636 1731 688 lyrica
1758 635 1933 675 carmina
1957 634 2131 674 scribere
2159 632 2291 684 coepit
2310 636 2458 682 tempo·

151 695 260 737 ribus
289 697 470 749 Augusti,
498 699 569 740 sed
588 698 678 740 libri
696 699 779 740 eius
807 699 950 740 nullius
979 700 1164 740 momenti
1192 703 1316 741 erant.
1341 699 1668 752 Porphyrion:
1698 698 1826 739 Titius
1853 700 1975 751 poeta
2000 696 2065 736 hic
2095 695 2217 735 voluit
2242 695 2458 734 Pindarum

153 771 336 800 sermone
375 761 501 801 latino
544 766 699 802 vertere
739 791 906 804 .....
961 763 1242 802 Scholiasta
1277 763 1595 813 Cruquianus:
1630 762 1758 801 Titius
1791 760 2003 811 Septimius
2044 759 2171 810 lyrica
2206 758 2380 797 carmina
2419 761 2459 796 et

152 823 383 873 tragoedias
411 824 573 877 scripsit
599 825 769 875 Augusti
795 829 985 877 tempore,
1014 826 1085 865 sed
1112 825 1205 865 libri
1232 825 1315 865 eius
1342 825 1439 864 nulli
1468 828 1634 864 exstant.
1675 823 1803 863 Huius
1831 826 1959 863 autem
1987 821 2142 872 insigne
2169 823 2457 860 monumentum

154 889 215 924 est
244 885 350 926 infra
376 886 582 936 Ariciam),
611 900 660 926 cx
688 888 736 926 iis
763 888 813 927 de
839 889 996 928 nomine
1023 901 1070 928 ac
1089 901 1261 939 persona
1287 892 1431 939 poetae
1449 887 1555 926 illius
1571 887 1666 926 certi
1685 887 1899 937 quidquam
1926 885 1993 924 vix
2020 884 2237 924 conficitur.
2277 883 2457 932 Longum

156 950 217 986 est
243 960 373 998 neque
401 949 513 988 huius
540 950 618 989 loci
650 950 827 990 diversas
855 951 1029 989 virorum
1056 951 1262 989 doctorum
1289 950 1330 989 in
1357 950 1526 989 medium
1554 951 1735 1000 proferre
1764 948 1989 996 sententias,
2013 960 2035 986 e
2064 947 2203 997 quibus
2231 944 2326 984 nihil
2350 944 2457 983 aliud

153 1022 281 1059 eruas,
323 1010 398 1051 nisi
426 1012 533 1063 quod
561 1012 693 1052 Titius
735 1012 814 1062 ille,
844 1013 999 1053 Tiberii
1034 1013 1076 1052 in
1113 1013 1368 1064 expeditione
1407 1016 1546 1052 contra
1581 1011 1791 1051 Armenios
1830 1014 2014 1062 suscepta
2041 1022 2184 1057 comes,
2223 1013 2262 1048 ct
2301 1006 2458 1047 Horatii

156 1072 363 1113 familiaris
392 1075 466 1113 fuit
491 1079 531 1114 et
557 1075 598 1114 in
617 1076 795 1114 Pindaro
823 1075 908 1114 sive
929 1076 1119 1115 imitando
1147 1076 1232 1114 sive
1253 1076 1486 1115 aemulando
1515 1075 1731 1126 periculum
1761 1075 1866 1115 fecit.
1896 1075 1942 1112 In
1963 1074 2102 1113 eodem
2124 1085 2283 1111 numero
2312 1071 2459 1109 liabent

152 1135 279 1176 Iulum
311 1137 538 1187 Antonium,
574 1138 626 1177 M.
656 1138 818 1178 Antonii
854 1139 1049 1178 triumviri
1087 1138 1219 1188 filium,
1250 1139 1310 1178 cui
1344 1138 1575 1190 inscriptum
1611 1142 1671 1177 est
1697 1137 1856 1178 Horatii
1888 1137 1979 1177 libri
2011 1136 2072 1176 IV
2104 1149 2260 1176 carmen
2289 1134 2339 1182 ll,
2366 1133 2456 1184 ipso

153 1200 267 1239 huius
295 1200 483 1239 carminis
505 1205 736 1250 argumento
765 1201 852 1249 nisi,
885 1213 963 1251 quo
992 1201 1116 1239 lulum
1136 1201 1349 1240 Antonium
1370 1201 1577 1240 Horatium
1608 1212 1694 1239 esse
1717 1200 1963 1239 exhortatum
1984 1199 2196 1238 verisimile
2224 1199 2271 1237 iis
2292 1199 2457 1245 videtur,

153 1267 197 1302 ut
222 1262 403 1312 Augusti,
432 1267 641 1313 postquam
671 1263 880 1303 Germanis
908 1263 1077 1303 devictis
1104 1263 1155 1313 (a.
1185 1263 1276 1312 738)
1314 1276 1335 1303 e
1364 1263 1497 1303 Gallia
1529 1264 1696 1303 Romam
1723 1263 1851 1310 rediit,
1890 1263 2026 1302 laudes
2066 1261 2278 1301 Pindarica
2304 1261 2459 1301 ratione

155 1324 387 1374 celebraret,
415 1323 624 1365 Horatium
648 1328 777 1366 autem
804 1325 953 1377 ingenii
981 1326 1041 1366 sui
1070 1325 1379 1366 imbecillitatem
1407 1328 1658 1366 excusantem
1696 1325 1771 1365 hoc
1799 1337 1935 1364 munus
1972 1324 2146 1364 Antonio
2176 1323 2251 1376 ipsi
2278 1327 2320 1362 ut
2347 1326 2458 1363 tanto

154 1387 314 1426 conatui
340 1399 437 1437 prae
456 1388 598 1426 ceteris
626 1388 713 1438 pari
745 1410 790 1415 —
818 1388 980 1426 heroico
1009 1392 1134 1427 metro
1164 1389 1418 1427 Diomedeam
1439 1389 1647 1426 duodecim
1674 1388 1787 1426 libris
1817 1400 1905 1426 eum
1932 1388 2142 1437 scripsisse
2172 1388 2306 1424 Acron
2334 1387 2461 1424 tradit

154 1471 203 1478 —
233 1449 504 1490 demandasse.
533 1448 657 1496 Quam
685 1450 917 1490 sententiam
945 1463 1033 1490 cum
1061 1449 1129 1490 alii
1156 1454 1236 1490 tum
1251 1449 1539 1490 Reifferscheid
1566 1450 1781 1501 impugnat.
1823 1449 1933 1489 Idem
1954 1449 2113 1489 omnino
2141 1462 2221 1488 non
2251 1447 2459 1499 probabile

156 1523 244 1550 esse
276 1514 397 1560 ratus,
432 1512 531 1550 duos
565 1512 702 1550 eadem
737 1515 867 1551 aetate
901 1515 1041 1563 poetas
1083 1512 1285 1551 Romanos
1324 1511 1515 1562 singulari
1557 1523 1719 1563 prorsus
1758 1511 1889 1550 studio
1931 1523 2018 1550 cum
2056 1510 2232 1549 Pindaro
2274 1513 2459 1557 certasse,

157 1575 306 1612 Titium
333 1574 442 1612 illum
470 1575 629 1613 Horatii
657 1575 822 1613 eundem
850 1579 967 1623 atque
987 1575 1133 1612 Rufum
1163 1575 1297 1613 Ovidii
1324 1575 1446 1613 fuisse
1463 1575 1779 1622 Pindaricacque
1798 1574 1996 1612 fidicinem
2015 1574 2125 1622 lyrae
2145 1572 2285 1611 Titium
2314 1573 2459 1610 Rufum

157 1634 398 1676 nominatum
428 1647 516 1676 esse
544 1634 706 1676 coniicit
732 1634 824 1685 (cfr.
852 1635 1119 1676 Coniectanca
1145 1647 1251 1676 nova
1277 1635 1398 1676 indici
1426 1634 1552 1676 schol.
1582 1634 1742 1676 Vratisl.
1775 1633 1874 1675 1880
1900 1633 2120 1687 praemissa
2146 1646 2185 1686 p.
2212 1633 2237 1674 6
2264 1632 2380 1685 sqq).

263 1699 266 1701 ’
352 1698 432 1738 Sed
460 1712 509 1738 ne
536 1700 578 1738 in
604 1703 683 1738 tam
711 1699 863 1738 lubrica
891 1703 1048 1749 tamque
1077 1699 1281 1739 salebrosa
1319 1712 1362 1738 re
1401 1700 1546 1738 diutius
1574 1711 1872 1747 commoremur,
1908 1699 1987 1737 iam
2014 1699 2065 1737 ad
2093 1698 2301 1736 Horatium
2331 1698 2459 1748 ipsum

157 1766 413 1810 transeamus,
441 1775 557 1813 quem
592 1762 632 1801 in
659 1756 822 1802 Pindari
862 1762 1048 1813 operibus
1075 1763 1290 1802 tractandis
1326 1762 1484 1801 multum
1524 1767 1719 1802 versatum
1753 1774 1841 1801 esse
1875 1774 1962 1801 cum
1995 1761 2087 1800 libri
2121 1760 2177 1799 IV
2217 1760 2389 1800 carmine
2417 1760 2457 1799 11

156 1828 237 1864 tum
264 1824 427 1875 reliquis
453 1824 760 1864 luculentissime
787 1825 1078 1876 comprobatur.
1125 1826 1255 1876 Atque
1284 1826 1376 1876 quia
1404 1825 1520 1865 nobis
1549 1825 1797 1876 propositum
1825 1827 1886 1863 est
1903 1823 2111 1874 inquirere,
2141 1823 2329 1862 Horatius
2360 1823 2455 1873 quid

156 1888 206 1927 de
233 1887 409 1926 Pindaro
437 1887 672 1927 iudicaverit
699 1891 738 1926 et
764 1888 964 1937 quomodo
993 1888 1076 1927 eius
1105 1888 1277 1927 carmina
1318 1900 1429 1927 suum
1456 1888 1495 1926 in
1524 1899 1633 1926 usum
1672 1886 1925 1933 converterit,
1961 1886 2230 1936 quaestionem
2269 1885 2324 1924 ita
2350 1886 2457 1923 insti·

156 1954 321 1997 tuemus,
348 1949 515 2000 primum
548 1954 590 1988 ut
616 1949 775 1988 Horatii
816 1951 865 1988 dc
899 1949 1074 1989 Pindaro
1108 1951 1293 1989 iudicium
1327 1951 1462 2001 paullo
1497 1950 1718 1989 accuratius
1747 1961 1982 1996 enarremus,
2011 1948 2154 1987 deinde
2182 1948 2275 1998 quid
2303 1949 2353 1987 ab
2383 1948 2453 1986 illo

159 2011 360 2062 acceperit
385 2015 669 2062 acceptumque
698 2012 896 2061 quomodo
926 2012 965 2050 in
994 2012 1169 2051 carmina
1197 2024 1267 2052 sua
1292 2012 1536 2052 transtulerit
1562 2022 1856 2062 persequamur.

352 2075 437 2114 Iam
463 2074 630 2125 primam
666 2074 943 2124 disputationis
971 2079 1129 2114 nostrae
1168 2080 1320 2125 partem
1347 2075 1634 2124 aggrediamur,
1667 2074 1707 2112 in
1735 2086 1813 2123 qua
1845 2074 2052 2112 tractanda
2080 2073 2247 2111 maxime
2275 2072 2455 2111 iuvamur

158 2136 249 2175 libri
276 2135 336 2174 IV
364 2136 535 2175 carmine
562 2136 613 2174 11.
670 2135 731 2174 lbi
759 2135 862 2174 enim
887 2136 1077 2175 Horatius
1115 2136 1281 2175 Pindari
1314 2136 1509 2186 ingenium
1550 2148 1598 2174 ac
1631 2135 1859 2174 facultatem
1893 2134 2088 2186 poeticam
2117 2135 2457 2185 praestantissime

158 2199 357 2248 describit,
386 2199 600 2239 carminum
628 2199 803 2238 indolem
829 2203 1179 2249 argumentumque
1197 2212 1276 2239 non
1303 2199 1429 2239 solum
1457 2199 1651 2248 designat,
1671 2199 1741 2238 sed
1770 2199 1886 2237 etiam
1915 2198 2208 2237 accuratissime
2236 2202 2456 2248 percenset,

157 2265 316 2314 poetam
360 2261 590 2303 Thebanum
636 2262 755 2302 tantis
796 2261 978 2302 laudibus
1020 2262 1144 2311 effert,
1190 2262 1345 2314 quantis
1394 2261 1586 2302 neminem
1626 2261 1757 2301 alium.
1799 2259 1929 2310 Negat
1965 2272 2201 2311 quemquam
2239 2260 2456 2300 Pindarum

160 2324 350 2364 aemulari
391 2337 528 2377 posse;
569 2328 777 2375 tantopere
817 2325 924 2362 illum
960 2325 997 2363 in
1040 2325 1216 2376 quolibet
1249 2325 1383 2377 poesis
1417 2337 1563 2375 genere
1597 2324 1736 2363 ceteris
1770 2327 1973 2375 praestare
2015 2323 2159 2374 poetis,
2201 2328 2253 2371 ut,
2296 2323 2328 2361 si
2370 2324 2457 2374 quis

163 2389 355 2428 audacior
382 2400 470 2428 esse
498 2388 595 2427 velit
631 2392 670 2427 et
696 2389 912 2437 sublimior,
943 2401 1130 2427 summum
1158 2388 1376 2439 periculum
1403 2389 1465 2433 sit,
1493 2399 1542 2427 ne
1570 2388 1673 2427 Icari
1701 2391 1846 2426 sortem
1875 2387 2117 2436 experiatur:

938 2462 1155 2502 Pindarum
1183 2462 1358 2513 quisquis
1387 2462 1515 2502 studet
1541 2461 1739 2510 aemulari,

934 2524 1031 2573 Iule,
1060 2525 1203 2565 ceratis
1230 2537 1308 2576 ope
1336 2524 1538 2564 Daedalea

939 2587 1086 2626 Nititur
1111 2588 1252 2638 pennis
1280 2588 1407 2626 vitreo
1435 2588 1595 2625 daturus

490 2688 493 2691 .
1070 2637 1241 2679 Nomina
1268 2641 1403 2690 ponto.

351 2712 505 2753 Deinde
547 2713 753 2765 copiosum
792 2712 956 2752 Pindari
999 2714 1208 2752 verborum
1249 2715 1438 2761 ornatum,
1479 2723 1663 2750 sonoram
1698 2722 2025 2763 numerosamque
2059 2712 2284 2755 dictionem.
2320 2710 2456 2749 miram

154 2776 435 2815 sententiarum
462 2777 695 2826 gravitatem
723 2789 770 2815 ac
808 2776 1151 2824 magnificentiam,
1189 2789 1266 2825 qua
1294 2776 1449 2823 singula.
1483 2779 1713 2823 argumenta
1746 2788 1818 2824 per
1846 2788 1890 2814 se
1917 2776 2114 2814 interdum
2141 2775 2291 2814 sterilia
2319 2774 2455 2820 variat,

156 2848 245 2876 cum
271 2849 386 2877 amne
414 2840 620 2890 comparat
647 2849 767 2890 super
793 2837 900 2890 ripas
929 2837 1072 2877 effuso:

872 2911 1008 2949 Monte
1036 2912 1248 2950 decurrens
1276 2910 1384 2949 velut
1409 2911 1546 2957 amnis,
1575 2911 1720 2948 imbres

872 2972 996 3020 Quem
1024 2985 1144 3025 super
1169 2976 1284 3013 notas
1311 2971 1445 3012 aluere
1471 2961 1593 3023 ripas,

870 3035 1016 3075 Fervet
1042 3036 1331 3086 immensusque
1358 3034 1437 3073 ruit
1462 3034 1664 3086 profundo

999 3099 1195 3138 Pindarus
1222 3109 1302 3137 ore.

346 3171 485 3222 Neque
521 3176 652 3212 tamen
685 3185 727 3212 se
759 3173 935 3213 eontinet
966 3176 1086 3224 poeta
1111 3172 1152 3211 in
1177 3176 1286 3212 tanta
1311 3172 1496 3212 virtutum
1524 3173 1763 3221 laudatione,
1792 3174 1861 3213 sed
1889 3177 2097 3223 postquam
2124 3171 2455 3223 praeclarissima,

157 3232 394 3275 Pindaricae
422 3246 609 3275 camenae
636 3247 786 3283 genera
812 3235 976 3285 notavit,
1005 3239 1048 3275 ut
1074 3247 1181 3275 suam
1209 3234 1532 3286 imbecillitatem,
1565 3236 1762 3277 excelsum
1791 3236 1896 3276 illius
1924 3235 2043 3276 animi
2070 3247 2224 3276 cursum
2246 3233 2455 3275 collustret
