2714 3443
337 744 485 827 Omnis
531 786 615 825 sere
654 784 789 836 poesis
831 784 1034 823 Romanae
1068 783 1158 822 fons
1192 785 1311 832 atque
1346 781 1459 830 origo
1500 793 1523 818 a
1560 780 1725 818 Graecis
1757 780 1977 830 repetenda
2017 783 2090 826 cst,
2131 783 2171 818 et
2213 781 2279 817 vix
2322 780 2443 819 ullum

140 852 299 900 practer
325 848 529 888 Romanos
556 847 746 899 populum
774 847 962 893 invenies,
991 845 1070 896 qui,
1098 857 1214 895 quam
1241 845 1282 883 in
1309 842 1540 882 excolendis
1568 841 1683 881 bonis
1711 842 1852 881 litteris
1871 841 2027 881 laudem
2056 842 2206 890 meruit,
2236 843 2443 882 maximam

140 914 292 961 partem
319 910 530 950 imitationi
557 913 762 961 acceptam
790 908 949 949 referat.
1004 906 1122 954 Quod
1156 919 1243 946 cum
1280 904 1538 945 certissimum
1572 904 1634 952 sit,
1667 903 1763 942 nihil
1797 907 1867 952 est,
1898 917 1967 944 cur
1995 903 2153 942 uberius
2187 916 2443 955 exponamus,

139 972 308 1012 Constat
334 972 448 1022 enim,
489 984 538 1011 cx
572 984 651 1023 quo
692 970 934 1010 Graecorum
980 969 1160 1009 notitiam
1206 970 1485 1008 contraxerant
1519 966 1699 1014 Romani,
1737 971 1891 1005 veteres
1925 966 2064 1004 horum
2101 970 2240 1016 poetas
2276 968 2326 1005 ad
2360 970 2445 1005 tota

138 1038 257 1085 atque
284 1034 440 1084 integra
468 1034 710 1073 Graecorum
739 1046 865 1084 opera
891 1033 1082 1071 imitanda
1108 1043 1270 1082 prorsus
1291 1042 1378 1069 sese
1406 1029 1688 1079 composuisse,
1718 1042 1882 1079 quorum
1903 1028 2077 1067 materiis
2111 1033 2258 1068 temere
2286 1042 2331 1067 ac
2359 1030 2443 1069 siue

138 1096 220 1136 ulla
246 1100 331 1137 arte
358 1099 425 1136 aut
450 1096 603 1136 ratione
630 1097 849 1143 utebantur,
878 1094 961 1134 sive
989 1097 1154 1146 propter
1180 1091 1329 1142 ingenii
1356 1094 1569 1140 egestatem
1594 1090 1757 1130 Graecis
1777 1090 1970 1142 exemplis
1999 1090 2251 1130 inhaerentes
2280 1092 2441 1131 verbum

138 1160 261 1199 verbo
288 1159 520 1207 reddebant,
554 1159 638 1198 sive
672 1158 786 1197 nimis
814 1156 992 1207 religiosi
1026 1158 1075 1196 ab
1115 1169 1175 1204 eo,
1214 1167 1329 1206 quem
1367 1153 1597 1193 imitandum
1630 1154 1704 1192 sibi
1743 1158 2047 1205 proposuerant,
2084 1165 2133 1192 nc
2178 1157 2442 1192 transversum

138 1221 296 1273 quidem
323 1233 493 1273 unguem
521 1221 596 1260 sibi
625 1220 906 1260 discedendum
936 1231 1024 1259 esse
1050 1218 1339 1258 existimabant.
1380 1217 1444 1255 Ab
1465 1216 1523 1254 his
1543 1216 1637 1255 viris
1665 1220 1750 1255 toto
1770 1216 1883 1255 caelo
1904 1216 2053 1255 diversi
2073 1220 2185 1255 eraut
2210 1217 2442 1266 Augusteac

138 1284 280 1323 aetatis
314 1290 469 1336 poetae.
524 1284 626 1322 Tum
659 1296 764 1322 nova
797 1283 864 1321 lux
899 1282 1014 1334 poesi
1048 1282 1169 1321 allata
1207 1285 1278 1328 est,
1319 1279 1361 1319 et
1397 1292 1446 1319 ex
1485 1279 1728 1318 imitantibus
1765 1279 1860 1318 facti
1900 1283 1991 1318 sunt
2024 1279 2254 1327 imitatores,
2290 1280 2368 1329 qui,
2404 1285 2446 1318 ut

139 1346 314 1398 Senecae
343 1346 475 1387 verbis
516 1350 614 1395 utar,
655 1358 735 1385 non
762 1345 1000 1397 surripiendi
1028 1357 1158 1393 causa,
1192 1344 1263 1384 scd
1289 1343 1422 1395 palam
1464 1342 1642 1382 imitandi
1669 1341 1746 1381 hoc
1783 1342 1926 1391 animo,
1955 1346 1997 1381 ut
2025 1341 2174 1381 vellent
2200 1342 2377 1392 agnosci,
2404 1342 2444 1381 in

138 1409 270 1449 multis
307 1409 485 1449 versibus
524 1408 703 1448 Graecos
742 1411 1030 1459 expresserunt.
1085 1408 1216 1457 Atque
1258 1410 1395 1445 horum
1434 1410 1651 1465 poetarum,
1688 1405 1754 1455 qui
1788 1406 1969 1455 Augusto
2007 1405 2187 1456 principe
2225 1405 2444 1444 litterarum

138 1473 256 1512 laude
274 1473 500 1521 floruerunt,
532 1471 709 1511 Graecos
738 1471 917 1510 imitandi
937 1471 1106 1510 studium
1126 1483 1172 1510 ac
1199 1470 1300 1509 ratio
1323 1482 1371 1508 ea
1397 1469 1482 1517 fuit,
1511 1472 1563 1517 ut,
1594 1481 1680 1508 cum
1709 1468 1889 1518 diligenti
1916 1480 2052 1508 eorum
2080 1480 2244 1519 operum
2272 1468 2443 1508 lectione

138 1535 324 1575 iudicium
351 1546 462 1575 suum
490 1534 689 1575 acuissent
714 1534 963 1585 animumque
993 1533 1269 1589 excoluissent,
1298 1532 1372 1572 etsi
1398 1544 1462 1571 res
1490 1544 1538 1571 ac
1565 1531 1688 1570 verba
1716 1534 1756 1571 et
1783 1534 1930 1570 certum
1957 1530 2202 1580 singulorum
2230 1530 2445 1571 carminum

139 1598 312 1639 habitum
340 1601 598 1649 ornatumque
626 1597 858 1650 saepissime
886 1598 935 1637 de
963 1596 1128 1637 Graecis
1156 1599 1433 1644 mutuarentur,
1469 1599 1600 1634 tamen
1629 1592 1808 1633 Graecos
1844 1593 2000 1634 colores
2028 1594 2140 1645 quasi
2160 1606 2336 1645 gemmas
2365 1594 2445 1634 suis

139 1660 448 1711 cogitationibus
476 1664 515 1700 ct
539 1660 779 1710 argumentis
814 1660 1043 1699 domesticis
1069 1663 1179 1699 tanta
1207 1659 1396 1698 felicitate
1420 1662 1609 1708 tantoque
1637 1658 1805 1697 artificio
1825 1657 2056 1705 intexerent,
2084 1662 2137 1706 ut,
2159 1670 2260 1708 quae
2287 1657 2445 1697 aliunde

139 1726 295 1775 sumpta
313 1726 456 1771 essent,
484 1726 631 1763 mutata
658 1722 762 1762 facie
789 1734 869 1762 non
901 1722 980 1762 iam
1008 1734 1081 1773 pro
1110 1721 1261 1770 alienis,
1291 1722 1362 1761 sed
1390 1733 1462 1772 pro
1492 1720 1718 1760 domesticis
1747 1724 1787 1760 et
1814 1720 1987 1772 propriis
2015 1719 2256 1761 haberentur
2281 1733 2329 1760 ac
2357 1732 2445 1771 pro.

139 1786 335 1825 barentur.
390 1784 550 1825 Summa
577 1797 734 1836 quoque
760 1785 847 1824 laus
875 1785 924 1824 iis
951 1784 1161 1823 tribuenda
1188 1788 1259 1832 est,
1288 1784 1395 1834 quod
1430 1783 1603 1832 linguam
1634 1795 1743 1822 suam
1772 1783 2011 1835 perpolitam
2038 1787 2077 1823 et
2104 1784 2156 1823 ad
2184 1783 2444 1824 mobilitatem

139 1848 455 1898 elegantiamque
495 1847 738 1887 Graecorum
781 1848 989 1887 formatam
1034 1847 1147 1886 novis
1194 1850 1233 1886 et
1270 1846 1537 1896 exquisitioris
1575 1847 1769 1885 sermonis
1809 1847 1952 1897 opibus
1991 1846 2284 1897 locupletarunt
2316 1852 2356 1887 et
2394 1849 2445 1888 ad

139 1922 328 1950 summam
357 1909 642 1961 perfectionem
670 1910 928 1949 adduxeruut.
984 1909 1105 1949 Cuius
1133 1909 1241 1949 docti
1269 1908 1552 1959 artificiosique
1581 1909 1700 1947 studii
1737 1914 1777 1948 et
1803 1908 1977 1948 sollertis
2005 1909 2235 1949 imitationis
2262 1910 2303 1949 in
2331 1911 2444 1962 poesi

138 1972 265 2022 lyrica
291 1972 425 2024 palma
451 1973 616 2012 debetur
642 1972 825 2011 Horatio.
884 1972 924 2011 Is
952 1972 1055 2011 enim
1084 1984 1109 2011 a
1135 1984 1259 2024 puero
1280 1971 1510 2010 liberalibus
1531 1972 1680 2010 artibus
1699 1972 1918 2021 innutritus,
1947 1985 2035 2011 cum
2061 1974 2263 2024 antiquam
2290 1975 2443 2025 poesim

138 2035 321 2074 Latinam
349 2034 591 2074 Graecorum
619 2034 863 2086 praestantia
893 2034 1012 2085 plane
1039 2034 1243 2074 obscurari
1271 2037 1311 2073 et
1337 2033 1414 2073 nisi
1442 2045 1491 2073 ex
1519 2034 1717 2074 artissima
1737 2047 1823 2074 cum
1843 2035 1956 2086 poesi
1986 2034 2142 2076 Graeca
2165 2037 2445 2077 coniunctione

139 2096 261 2136 ullum
289 2096 458 2137 fructum
484 2096 525 2136 in
549 2110 634 2137 eam
655 2097 876 2137 redundare
904 2108 985 2135 non
1010 2108 1130 2148 posse
1157 2096 1440 2148 perspexisset,
1472 2095 1714 2147 singularem
1741 2097 1782 2136 in
1810 2110 1858 2137 eo
1891 2098 2025 2150 posuit
2052 2111 2195 2148 curam,
2223 2103 2267 2138 ut
2293 2101 2445 2151 poesim

139 2160 308 2212 patriam
336 2172 386 2200 ex
414 2160 551 2200 humili
577 2159 668 2200 loco
688 2159 888 2209 liberaret,
917 2159 1032 2212 lyrici
1051 2159 1234 2199 carminis
1261 2159 1437 2198 indolem
1457 2162 1632 2208 mutaret,
1664 2160 1757 2198 novi
1779 2161 1936 2212 generis
1958 2161 2072 2212 quasi
2099 2161 2267 2212 signifer
2286 2163 2444 2213 quidam

139 2223 265 2263 fieret.
319 2223 376 2262 Ut
413 2227 578 2271 taceam,
619 2227 765 2273 quanta
803 2226 887 2262 arte
925 2223 1096 2273 patrium
1135 2234 1352 2261 sermonem
1391 2222 1586 2261 limaverit
1628 2228 1745 2273 atque
1783 2225 1834 2263 ad
1874 2223 2053 2264 Graecae
2093 2224 2227 2274 poesis
2265 2230 2443 2265 naturam

140 2284 378 2325 inflectendo
416 2285 747 2336 informandoque
786 2284 1039 2325 exornaverit
1066 2287 1329 2335 quantumque
1358 2285 1409 2324 ad
1443 2286 1595 2336 poesim
1624 2286 1842 2326 Romanam
1879 2287 1992 2326 novis
2019 2288 2211 2338 rhythmis
2241 2288 2442 2337 ditandam

139 2347 363 2397 contulerit,
394 2348 570 2387 carmina
597 2348 681 2387 eius
700 2350 848 2386 tantam
869 2347 1022 2399 spirant
1051 2350 1297 2386 venustatem
1314 2343 1502 2397 tantaque
1522 2347 1730 2398 splendent
1748 2349 1956 2398 elegantia,
1984 2353 2027 2387 ut
2046 2349 2222 2389 Graecas
2241 2350 2436 2389 Camenas

139 2410 381 2450 domicilium
413 2411 455 2449 in
486 2410 535 2449 iis
566 2410 787 2450 collocasse
825 2410 1039 2460 putaveris.
1064 2420 1070 2426 ·
1098 2410 1183 2449 Iam
1213 2410 1247 2449 si
1284 2410 1539 2460 quaesiveris,
1568 2410 1799 2460 quibusnam
1827 2412 2075 2462 potissimum
2114 2413 2243 2452 causis
2270 2414 2322 2453 ad
2358 2425 2445 2453 eam

139 2474 421 2525 praestantiam
450 2473 687 2526 pervenerit,
728 2472 908 2524 gloriam,
941 2485 1059 2524 quam>
1092 2475 1326 2512 consecutus
1355 2476 1425 2521 est,
1462 2472 1568 2511 haud
1603 2473 1801 2512 minimam
1833 2477 1985 2524 partem
2023 2474 2201 2514 Graecae
2234 2474 2445 2515 imitationi

140 2548 228 2575 eum
256 2536 401 2576 debere
427 2535 619 2576 invenies.
671 2534 797 2583 Quam
825 2547 920 2575 vero
946 2534 1127 2575 imitandi
1153 2535 1349 2575 rationem
1385 2538 1541 2574 secutus
1569 2535 1630 2583 sit,
1665 2535 1752 2587 ipse
1791 2527 1922 2575 multis
1955 2536 2055 2576 locis
2083 2537 2259 2589 exponit.
2312 2538 2446 2588 Atque

139 2603 183 2638 ut
214 2611 343 2650 pauca
375 2599 425 2639 de
460 2602 605 2650 poetae
644 2598 813 2638 consilio
852 2610 900 2637 ac
936 2598 1094 2638 delectu
1134 2598 1422 2648 praeludamus,
1463 2598 1539 2637 hoc
1572 2598 1694 2637 liceat
1727 2611 2042 2647 commemorare,
2082 2600 2189 2649 quod
2226 2600 2446 2640 rectissime

139 2660 336 2701 intellexit
363 2660 522 2702 Garcke
562 2660 625 2712 (Q.
652 2660 814 2701 Horatii
840 2660 980 2701 Flacci
1007 2660 1221 2700 carminum
1248 2660 1391 2700 librum
1418 2660 1438 2699 I
1467 2660 1682 2700 collatione
1702 2661 1939 2713 scriptorum
1961 2661 2204 2701 Graecorum
2231 2661 2447 2702 illustravit

139 2723 192 2763 H.
239 2724 287 2764 G.
316 2723 454 2765 -Halle
498 2724 627 2776 1860),
667 2737 747 2764 non
791 2736 878 2764 esse
917 2723 1212 2765 consuetudinis
1255 2724 1497 2764 Horatianae
1535 2724 1690 2774 integra
1730 2722 1976 2765 Graecorum
2015 2725 2188 2765 carmina
2227 2725 2447 2766 imitatione

140 2787 361 2839 exprimere
390 2791 431 2827 et
457 2788 596 2828 eadem
624 2787 905 2827 sententiarum
932 2787 1046 2835 serie,
1085 2787 1229 2827 nedum
1257 2788 1397 2827 iisdem
1436 2787 1578 2835 verbis,
1612 2787 1752 2827 Latine
1786 2788 1967 2836 reddere,
2002 2789 2073 2827 sed
2106 2788 2271 2828 exordia
2297 2793 2448 2828 tantum

142 2849 356 2889 carminum
383 2854 424 2890 et
449 2850 692 2902 principales
722 2850 938 2890 sententias
966 2853 1086 2901 atque
1115 2850 1372 2902 multiplicem
1398 2850 1508 2889 illum
1535 2863 1582 2890 ac
1620 2850 1771 2890 varium
1800 2851 1991 2890 orationis
2019 2855 2198 2890 ornatum
2226 2864 2251 2890 a
2278 2851 2448 2891 Graecis

141 2911 369 2953 auctoribus
395 2916 577 2965 repetere
604 2924 691 2953 eum
719 2912 861 2962 solere,
890 2915 930 2953 et
955 2912 1013 2952 ita
1039 2912 1208 2963 quidem,
1245 2916 1289 2952 ut
1315 2924 1598 2964 saepenumero
1626 2916 1756 2953 mente
1784 2914 1919 2965 potius
1953 2926 2069 2964 quam
2097 2912 2224 2953 oculis
2253 2918 2447 2963 cematur,

142 2974 338 3025 insignem
354 2976 551 3026 quandam
570 2975 719 3016 Graeci
737 2976 944 3027 scriptoris
965 2976 1200 3016 sententiam
1226 2978 1276 3015 ab
1295 2975 1465 3015 Horatio
1485 2979 1681 3027 arreptam
1700 2980 1740 3015 et
1759 2964 2039 3027 pertractatam
2061 2988 2161 3024 esse,
2191 2980 2234 3014 ut
2253 2977 2294 3015 in
2315 2978 2447 3016 verbis

142 3036 302 3086 quidem
332 3037 442 3077 nulla
474 3038 558 3078 fere
597 3038 812 3078 similitudo
854 3043 1071 3089 appareat;
1115 3038 1149 3077 si
1185 3042 1317 3078 tamen
1353 3038 1618 3077 inventionem
1651 3043 1691 3077 et
1728 3042 1852 3077 totam
1889 3043 2011 3077 artem
2051 3039 2186 3089 paullo
2215 3039 2442 3078 accuratius

141 3097 375 3149 inspexeris,
402 3112 485 3139 non
511 3100 643 3152 possis
670 3101 863 3150 dubitare,
892 3100 986 3152 quin
1015 3113 1103 3141 eam
1142 3100 1384 3140 Graecorum
1418 3100 1549 3139 studio
1587 3101 1740 3140 debeat.
1793 3100 2062 3152 Improbanda
2095 3113 2191 3140 vero
2221 3106 2284 3141 est
2311 3113 2448 3140 eorum

144 3161 350 3210 sententia,
384 3163 463 3213 qui,
497 3164 531 3202 si
569 3164 743 3215 benigna
781 3164 940 3203 fortuna
973 3164 1106 3203 omnia
1139 3163 1383 3214 antiquitatis
1416 3168 1666 3203 monumenta
1700 3163 1814 3203 nobis
1847 3164 2003 3214 reliqua
2040 3164 2214 3213 fecisset,
2249 3177 2450 3216 perpauca

141 3226 282 3274 putant
314 3223 401 3264 fore
433 3229 477 3264 ut
511 3227 617 3278 apud
656 3226 866 3267 Horatium
898 3230 1058 3276 restent,
1096 3239 1198 3277 quae
1232 3238 1313 3266 non
1356 3239 1378 3266 e
1424 3225 1579 3266 Graeco
1628 3227 1736 3266 fonte
1782 3226 1976 3266 fluxerint.
2031 3226 2298 3268 Vehementer
2346 3229 2449 3267 enim
