2714 3443
1271 192 1515 233 -9-

246 325 336 379 (cfr.
374 325 491 367 etiam
529 323 642 363 Nem.
681 321 713 371 I,
740 321 809 371 31)
849 326 1008 374 praeter
1045 323 1203 363 consilii
1239 327 1280 364 et
1328 325 1545 364 sententiae
1582 336 1756 364 summae
1797 321 2089 363 similitudinem
2126 318 2276 363 nullam
2301 317 2539 371 invenimus3

245 391 317 432 sed
342 387 532 430 Horatius
558 385 658 427 illud
683 384 850 426 Pindari
876 385 979 427 nude
1005 385 1178 438 positum
1203 385 1461 439 amplificavit
1486 391 1526 427 et
1551 386 1704 436 Latina,
1732 388 1775 425 ut
1800 385 1857 426 ita
1882 385 2021 435 dicam,
2049 387 2159 426 veste
2183 382 2324 426 induit.
2350 381 2540 425 Nostrum

243 464 338 494 vcro
364 454 526 505 poetam
551 449 651 489 illud
678 459 835 489 carmen
852 448 1064 501 epinicium
1081 450 1183 490 bene
1210 449 1411 501 cognitum
1438 450 1620 490 habuisse
1639 449 1802 500 eiusque
1820 448 1950 488 animo
1978 448 2139 488 Pindari
2158 449 2282 488 verba
2303 447 2345 486 in
2364 447 2539 487 carmine

243 513 529 557 conscribendo
558 513 769 552 obversata
795 524 884 552 esse
911 511 975 552 vel
1000 512 1151 554 idcirco
1179 513 1424 563 crediderim,
1452 514 1560 565 quod
1586 513 1830 561 sententiam,
1859 524 1960 563 quae
1990 512 2238 564 subsequitur
2265 509 2394 562 (Nem.
2422 510 2537 560 Vlll,

243 580 286 618 41
319 575 409 629 sq.),
435 575 477 615 in
504 575 596 616 libri
621 574 642 614 Ι
669 574 841 615 carmine
871 574 929 614 12.
957 575 1172 627 usurpavit.

435 649 567 689 Etiam
619 649 660 688 in
705 648 798 687 libri
830 648 850 687 1
896 649 1069 690 carmine
1106 650 1171 690 35.
1215 650 1404 691 Horatius
1446 651 1662 691 Pindarum
1712 653 1913 689 auctorem
1956 653 2110 688 secutus
2154 661 2241 688 esse
2280 652 2321 688 et
2359 652 2536 688 extrema

239 716 438 755 Fortunae
475 711 659 763 imaginis
694 711 931 751 lineamenta
963 724 1014 752 ex
1046 725 1094 754 eo
1128 712 1283 753 videtur
1312 713 1524 754 delibasse.
1567 712 1660 761 Qua
1686 712 1790 753 enim
1822 715 2022 765 potestate
2059 711 2254 751 Pindarus
2285 711 2327 750 in
2361 710 2534 751 carmine

239 776 450 828 Olympico
478 774 572 824 XII,
604 776 621 814 l
652 787 738 826 sqq.
765 773 889 827 Τύχην
916 775 1148 817 instructam
1174 776 1381 828 praedicat
1419 776 1652 828 qualemque
1691 777 1909 824 adumbrat,
1937 774 2057 815 talem
2080 774 2185 827 apud
2211 774 2419 814 Horatium
2445 786 2532 815 eam

238 837 403 892 agnosci
429 848 544 878 nemo
572 837 745 890 negabit,
774 839 920 879 additis
947 838 1101 880 scilicet
1125 838 1324 879 nonnullis
1351 839 1455 879 notis
1482 843 1549 879 aut
1574 843 1718 892 poetae
1745 838 1870 890 ipsius
1909 837 2152 888 cogitatione
2185 836 2352 888 depictis
2385 841 2453 876 aut
2478 849 2528 876 ex

237 902 454 941 Antiatium
482 901 677 951 religione
704 902 850 943 ascitis.
895 902 1119 942 Secundum
1147 903 1258 942 illum
1285 903 1406 953 igitur
1431 903 1622 943 Horatius
1648 903 1863 942 Fortunam
1904 900 2103 940 dominam
2129 899 2311 951 aequoris
2338 899 2530 951 appellat,

236 964 299 1005 cui
326 976 461 1004 omnes
489 966 633 1004 nautae
660 963 895 1016 supplicent,
925 964 1039 1016 eique
1065 965 1272 1018 imperium
1306 965 1484 1006 attribuit
1509 965 1551 1006 in
1576 964 1760 1018 populos,
1795 962 1989 1012 civitates,
2022 962 2213 1012 homines,
2241 962 2308 1014 qui
2342 966 2527 1011 metuant,

234 1039 284 1066 ne
310 1038 439 1066 rerum
465 1026 712 1078 publicarum
740 1030 882 1066 statum
909 1027 1125 1068 labefactet
1150 1033 1191 1068 et
1216 1033 1368 1069 evertat
1399 1032 1466 1068 aut
1498 1028 1606 1068 bella
1641 1028 1815 1067 concitet
1847 1027 1937 1076 (cfr.
1968 1026 1995 1066 1.
2023 1039 2056 1066 c.
2085 1038 2186 1065 vers.
2219 1026 2256 1066 3.
2283 1039 2359 1077 sq.:
2388 1026 2437 1063 τὶν
2464 1028 2529 1079 γάρ

236 1090 273 1129 ἐν
299 1092 415 1143 πόντῳ
434 1089 666 1144 κυβερνῶνται
694 1090 788 1129 δοιαὶ
816 1114 867 1120 -
897 1096 991 1139 νᾶες,
1021 1092 1059 1131 ἐν
1086 1093 1205 1147 χέρσῳ
1223 1105 1263 1133 τε
1280 1092 1444 1146 λαιψηροὶ
1471 1092 1621 1143 πόλεμοι
1649 1115 1701 1121 -
1737 1090 1886 1145 κάγοραὶ
1914 1089 2139 1143 βουλαφόροι.
2170 1088 2301 1131 Etiam
2327 1092 2526 1145 φερέπολιν,

233 1156 384 1195 urbium
409 1155 583 1205 tutelam,
610 1156 807 1196 Pindarus
833 1157 956 1210 Τύχην
982 1158 1200 1198 nominavit
1211 1162 1313 1198 teste
1339 1158 1537 1198 Pausania
1553 1157 1623 1206 IV,
1651 1158 1714 1206 30,
1742 1157 1784 1206 63
1813 1156 1885 1196 cfr.
1915 1156 2029 1206 frgm.
2042 1155 2105 1204 39,
2129 1155 2219 1206 ng
2236 1155 2344 1206 382).
2372 1155 2525 1198 Deinde

233 1217 353 1258 veluti
389 1217 586 1258 Pindarus
625 1232 690 1259 res
723 1225 840 1272 atque
873 1221 1188 1274 exspectationes
1221 1221 1420 1261 hominum
1451 1221 1491 1261 iu
1526 1224 1725 1272 potestate
1753 1219 1952 1259 Fortunae
1988 1231 2076 1258 esse
2117 1222 2158 1258 et
2203 1218 2362 1258 navium
2400 1218 2527 1259 instar

231 1293 382 1321 sursum
415 1282 597 1321 deorsum
631 1282 739 1323 volvi
773 1285 870 1325 dicit
897 1287 951 1337 (αἱ
978 1300 1017 1337 γε
1045 1285 1111 1337 μὲν
1139 1286 1273 1340 ἀνδρῶν
1304 1309 1354 1314 -
1383 1285 1485 1325 πόλλ’
1514 1287 1599 1331 ἄνω,
1630 1285 1673 1322 τά
1701 1284 1731 1321 ’δ’
1761 1282 1804 1321 αὖ
1834 1287 1932 1322 κάτω
1960 1282 2073 1335 ψεύδη
2103 1284 2318 1334 μεταμώνια
2346 1287 2527 1334 τάμνοισαι

230 1344 422 1383 κυλίνδοντ’
452 1343 613 1394 ἐλπίδες),
641 1348 695 1387 ita
725 1347 913 1389 Horatius
939 1351 1038 1390 deae
1064 1351 1170 1390 illius
1196 1350 1375 1390 homines
1403 1354 1443 1390 et
1468 1350 1520 1389 ad
1547 1362 1735 1388 summum
1763 1348 1966 1388 felicitatis
1993 1348 2159 1398 gradum
2186 1348 2379 1388 evehendi
2407 1354 2448 1390 et
2474 1351 2524 1389 de

229 1421 277 1449 eo
321 1408 533 1449 deiiciendi
576 1409 802 1450 facultatem
840 1413 1056 1464 praedicat.
1106 1412 1245 1465 Neque
1282 1413 1367 1453 sine
1405 1412 1581 1452 veritatis
1617 1412 1749 1463 specie
1782 1410 1938 1463 opinari
1976 1410 2091 1450 nobis
2131 1410 2320 1459 videmur,
2362 1416 2520 1463 poetam

227 1475 414 1520 nostrum,
442 1472 547 1521 quod
576 1484 733 1511 saevam
760 1472 1046 1515 Necessitatem
1066 1475 1266 1515 Fortunae
1284 1478 1533 1515 anteeuntem
1552 1475 1659 1523 facit,
1685 1475 1727 1513 in
1744 1474 1820 1513 hoc
1838 1486 1995 1524 quoque
2014 1473 2186 1525 exempli
2206 1473 2267 1512 sui
2292 1475 2520 1525 opinionem

228 1533 450 1586 amplexum
489 1546 588 1584 esse,
618 1547 667 1575 cx
702 1548 780 1586 qua
811 1536 987 1578 Fortuna
1018 1538 1059 1578 in
1092 1538 1306 1579 Parcarum
1339 1550 1501 1579 numero
1535 1537 1750 1577 ducebatur
1784 1537 1918 1587 (Paus.
1948 1535 2040 1585 Vll,
2069 1535 2130 1585 26,
2165 1536 2207 1576 8:
2258 1536 2328 1589 ἐῑὼ
2362 1537 2427 1588 μὲν
2461 1538 2521 1577 οὖν

227 1596 404 1651 Πινδάρου
432 1602 476 1636 τά
505 1611 545 1637 τε
574 1597 670 1637 ἄλλα
698 1600 865 1651 πείθομαι
891 1603 937 1653 τῇ
965 1602 1054 1654 ᾠόῃ,
1083 1602 1141 1640 καὶ
1166 1601 1315 1656 Μοιρῶν
1343 1615 1383 1640 τε
1402 1602 1487 1640 εἶναι
1514 1603 1595 1651 μίαν
1624 1601 1689 1652 τὴν
1706 1600 1828 1653 Τύχην
1847 1600 1905 1637 καὶ
1924 1599 2006 1653 ὑπὲρ
2036 1601 2100 1643 τοὶς
2129 1601 2288 1654 ἀδελφάς
2317 1616 2347 1640 τι
2374 1605 2520 1657 bloet-23

227 1662 296 1702 cfr.
326 1663 440 1713 frgm.
468 1664 530 1712 41,
559 1664 661 1714 ng.
690 1677 729 1716 p.
756 1664 861 1716 382).
890 1666 1057 1707 Praeter
1084 1670 1182 1707 haec
1208 1667 1340 1717 hymni
1367 1667 1533 1706 formam
1551 1665 1741 1705 Horatius
1769 1666 1943 1705 Pindaro
1962 1670 2167 1716 acceptam
2186 1667 2340 1707 videtur
2358 1670 2519 1709 referre.

418 1736 493 1776 His
535 1737 658 1777 tribus
698 1738 945 1789 carminibus,
986 1753 1087 1791 quae
1120 1741 1238 1780 modo
1272 1741 1482 1791 attigimus,
1528 1744 1707 1790 quartum
1748 1739 1994 1789 adiungimus
2030 1739 2121 1779 libri
2158 1740 2221 1779 111
2258 1754 2414 1783 carmen
2442 1744 2518 1792 30„

225 1810 301 1848 quo
336 1798 538 1849 Horatius,
566 1800 900 1841 immortalitatem
939 1803 1110 1842 nominis
1143 1803 1202 1842 sui
1238 1803 1475 1842 carminibus
1508 1806 1662 1853 partam
1696 1802 1912 1849 celebrans,
1952 1801 2169 1852 perfecisse
2202 1815 2246 1843 se
2281 1804 2338 1843 ait
2373 1805 2520 1844 firmius

224 1865 524 1912 monumentum,
566 1876 680 1915 quam
721 1863 828 1915 quod
859 1864 1004 1907 imbres
1038 1868 1107 1907 aut
1138 1865 1246 1907 venti
1278 1869 1346 1906 aut
1379 1869 1533 1918 tempus
1569 1864 1704 1905 delere
1737 1863 1901 1917 possint.
1955 1863 2132 1904 Eandem
2169 1865 2246 1906 vim
2280 1867 2519 1908 carminibus

223 1924 416 1963 Pindarus
456 1926 592 1964 tribuit
626 1927 667 1965 in
709 1927 880 1967 carmine
920 1929 1066 1980 Pythio
1108 1934 1232 1977 sexto,
1274 1930 1381 1979 quod
1420 1930 1471 1968 ad
1510 1929 1699 1967 honorem
1727 1928 1965 1967 Xenocratis
1999 1930 2247 1980 Agrigentini
2283 1933 2517 1982 composuit.

222 1985 430 2028 eonditum
459 2001 547 2030 esse
576 1989 612 2029 ei
640 1993 681 2030 et
706 1989 814 2042 genti
841 1994 881 2032 et
906 1991 1060 2044 patriae
1087 1992 1128 2032 in
1156 2005 1270 2033 sacro
1297 1991 1497 2044 Apollinis
1525 1991 1628 2031 saltu
1656 1993 1887 2042 hymnorum
1916 1991 2097 2046 θησαυρὸν

877 2076 937 2115 τὸν
967 2076 1051 2116 οὔτε
1079 2079 1255 2131 χειμέριος
1285 2076 1418 2131 ὄμβρος
1448 2077 1598 2120 ἐπακτὸς
1627 2076 1759 2124 ἐλθών,

879 2142 1062 2196 ἐριβρόμου
1091 2145 1245 2197 νεφέλας

877 2209 1030 2262 στρατὸς
1058 2210 1258 2262 ἀμείλιχος,
1289 2209 1359 2247 οὔτ’
1388 2208 1518 2260 ἄνεμος
1548 2210 1585 2253 ἐς
1614 2210 1746 2263 μυχούς

874 2275 960 2319 ἁλὸς
989 2267 1113 2324 ἄξοισι,
1146 2278 1324 2330 παμφόρῳ
1354 2275 1474 2329 χεράόι

877 2344 1124 2396 κρυπτόμενον.

219 2423 279 2463 Ea
306 2427 428 2467 verba
455 2427 605 2468 fontem
633 2428 766 2478 fuisse,
796 2441 818 2469 e
846 2442 923 2480 quo
957 2429 1148 2470 Horatius
1184 2429 1368 2479 hauserit,
1404 2430 1487 2470 sine
1523 2430 1604 2470 ulla
1644 2430 1886 2471 dubitatione
1923 2431 2249 2475 confirmaverim.

411 2489 552 2531 Restat
577 2494 620 2532 ut
645 2491 783 2544 paucis
811 2491 1001 2534 disseram
1020 2492 1070 2534 de
1089 2492 1179 2533 libri
1197 2493 1217 2532 I
1239 2493 1410 2534 carmine
1436 2492 1503 2543 12,
1531 2493 1743 2534 Pindarica
1760 2506 1855 2534 sane
1873 2495 2113 2537 sublimitate
2132 2502 2172 2537 et
2191 2499 2386 2549 gravitate
2405 2512 2507 2541 com-

214 2550 359 2600 posito,
388 2552 497 2593 cuius
522 2553 679 2595 indoles
706 2555 801 2594 mihi
819 2555 976 2606 quidem
994 2555 1113 2608 plane
1132 2556 1291 2596 diversa
1309 2556 1465 2595 videtur
1480 2569 1568 2595 esse
1590 2557 1639 2596 ab
1659 2568 1793 2596 eorum
1812 2558 2037 2606 carminum,
2058 2571 2158 2610 quae
2179 2573 2298 2613 supra
2324 2564 2504 2603 tractavi.

213 2611 313 2653 Nam
340 2614 382 2654 in
408 2616 490 2656 illis
516 2618 704 2669 primaria
730 2618 926 2659 sententia
952 2631 974 2659 e
1000 2619 1177 2659 Pindaro
1205 2619 1396 2659 translata
1421 2619 1602 2658 carminis
1630 2624 1897 2669 argumentum
1925 2624 2224 2673 comprehendit
2250 2630 2291 2664 ct
2316 2625 2373 2665 ita
2399 2639 2501 2666 com-

213 2680 352 2726 parata
378 2682 451 2729 est,
476 2683 520 2720 ut
545 2680 587 2721 in
614 2693 663 2722 ea
688 2681 944 2734 diffingenda,
972 2681 1262 2735 amplificanda,
1299 2682 1526 2723 exornanda
1558 2686 1681 2722 totum
1709 2694 1867 2723 carmen
1894 2688 2089 2735 versetur3
2129 2685 2170 2725 in
2198 2686 2274 2728 hoc
2302 2701 2396 2729 vero
2425 2702 2505 2729 nou

212 2745 482 2790 argumentum
509 2744 664 2785 alienae
690 2745 856 2798 originis
875 2749 946 2796 est,
974 2746 1046 2786 sed
1064 2746 1269 2786 exordium
1287 2750 1447 2794 tantum,
1466 2758 1515 2784 ex
1543 2758 1620 2796 quo
1642 2746 1850 2797 dispositio
1871 2747 2054 2787 carminis
2071 2754 2166 2801 apta
2184 2755 2255 2799 est,
2276 2751 2328 2790 ad
2346 2752 2501 2801 insigne

212 2800 407 2843 Graecum
433 2808 639 2859 exemplar
664 2809 966 2849 conformatum.
1017 2809 1177 2849 Initium
1204 2810 1323 2859 igitur
1349 2809 1531 2848 carminis
1558 2810 1608 2848 ad
1640 2810 1854 2849 Pindarum
1890 2809 1971 2859 (Ol.
2000 2811 2051 2859 11,
2095 2814 2210 2861 1-2)
2243 2814 2383 2854 iisdem
2422 2815 2505 2855 scre

211 2863 354 2915 verbis,
382 2867 456 2908 sed
481 2874 702 2921 permutato
729 2883 987 2925 personarum
1006 2871 1146 2913 ordine
1174 2871 1242 2924 (de
1261 2884 1339 2923 qua
1364 2883 1407 2911 re
1434 2870 1505 2911 cfr.
1528 2870 1668 2911 Dissen
1686 2870 1725 2910 in
1744 2871 1887 2924 explic.
1907 2873 1959 2913 ad
1978 2872 2040 2914 01.
2068 2873 2129 2925 II;
2151 2874 2314 2916 Boeckh
2342 2876 2394 2917 ad
2413 2877 2450 2918 h.
2466 2877 2504 2928 1.,

209 2925 302 2967 Luc.
335 2928 513 2982 Mueller,
542 2933 602 2975 De
628 2947 673 2975 re
701 2935 863 2977 metrica
889 2939 996 2989 poet.
1023 2935 1091 2977 lat.
1118 2949 1157 2989 p.
1187 2935 1262 2975 278
1289 2934 1351 2986 sq)
1380 2934 1578 2974 effinxisse
1605 2933 1813 2974 Horatium
1841 2948 1955 2976 nemo
1984 2950 2063 2977 non
2091 2938 2217 2978 videt:

898 3013 1217 3075 Ἀναξιφόρμιῃες
1246 3020 1356 3073 ὕμνοι,

897 3089 976 3126 τίνα
1002 3087 1100 3135 θεόν,
1130 3086 1192 3126 τίν’
1220 3089 1336 3142 ἥρωα,
1367 3088 1444 3126 τίνα
1472 3086 1502 3124 δ’
1531 3085 1644 3141 ἄνδρα
1673 3087 1936 3142 κελαδήσομεν;

207 3165 427 3208 Secundum
453 3170 530 3211 hoc
558 3174 763 3214 exordium
788 3178 908 3226 poeta
935 3178 1081 3224 noster,
1109 3175 1324 3226 partitione
1350 3174 1529 3214 restricte
1558 3176 1778 3225 observata,
1808 3188 1832 3216 a
1863 3177 1960 3216 Iove
1989 3177 2151 3228 eiusque
2186 3179 2322 3220 liberis
2351 3183 2506 3233 praedi.

205 3228 342 3268 caudis
384 3230 534 3272 initium
578 3234 685 3287 facit,
728 3230 872 3276 deiude
913 3237 964 3277 ad
1005 3240 1146 3277 heroes
1185 3237 1335 3287 transit,
1364 3241 1564 3289 postremo
1604 3238 1804 3292 principes
1844 3240 2041 3292 ducesque
2079 3240 2348 3283 Romanorum
2376 3245 2506 3285 claros
