2714 3443
1263 188 1504 227 ..ss-

225 317 513 371 praestantiam
539 317 654 359 huius
683 318 803 360 etiam
831 319 1037 361 verbosius
1066 319 1234 371 extollit,
1262 324 1468 373 assumpta
1495 320 1620 363 oloris
1646 320 1688 361 in
1713 318 1836 361 altum
1854 316 2051 361 evolantis
2078 321 2119 360 et
2143 317 2296 371 ingenti
2322 330 2538 373 pennarum

227 380 312 422 ictu
340 393 492 422 sursum
519 380 591 422 lati
619 382 818 435 exquisita
843 383 1038 436 imagine:

945 447 1072 487 Multa
1098 447 1313 488 Dircaeum
1339 449 1448 489 levat
1473 462 1570 489 aura
1596 460 1775 500 cycnum,

951 509 1110 560 Tendit,
1137 511 1300 562 Antoni,
1329 511 1512 565 quotiens
1539 511 1580 552 in
1608 510 1711 552 altos

948 571 1122 613 Nubium
1147 577 1310 615 tractus.

422 642 575 685 Contra
602 658 645 686 se
673 644 812 697 ipsum,
841 649 883 685 ut
901 649 1148 699 quantopere
1175 648 1247 689 illo
1266 649 1433 689 inferior
1450 649 1503 689 sit
1519 649 1722 700 appareat,
1750 658 1837 687 cum
1865 658 1991 698 parva
2009 657 2087 697 ape
2114 657 2188 697 per
2213 643 2391 695 singulos
2419 645 2537 686 flores

225 706 378 746 volanti
405 712 446 747 et
473 721 607 748 sucum
635 722 684 749 ex
709 709 759 748 iis
786 709 926 748 sedulo
973 709 1124 761 legenti
1157 711 1349 752 Horatius
1376 712 1626 764 permodeste
1662 709 1878 750 contendit.
1933 708 2070 748 Veluti
2097 720 2184 749 eam
2212 707 2414 749 laboriose
2440 708 2533 749 hinc

223 768 335 809 illinc
352 770 441 809 'mel
468 770 615 821 legere,
642 771 697 809 ita
723 770 800 809 sibi
819 783 970 811 summa
989 774 1244 814 contentione
1264 787 1365 826 opus
1392 786 1479 813 esse
1503 786 1550 813 ac
1570 772 1780 824 diligentia
1799 772 1850 811 ad
1870 770 2044 811 carmina
2062 771 2292 822 pangenda3
2319 770 2535 810 Pindarum

224 845 320 871 vcro
349 845 399 872 ex
428 846 471 872 se
500 834 587 885 ipso
615 833 726 884 quasi
755 846 777 873 e
806 834 898 873 vivo
928 837 1101 886 quodam
1130 841 1170 876 et
1198 838 1362 888 perenni
1392 837 1500 875 fonte
1527 836 1707 875 haurire:

1340 898 1430 949 Ego
1457 898 1545 950 apis
1574 896 1748 938 Matinae

1144 962 1257 1001 More
1286 962 1484 1011 modoque

947 1024 1072 1063 Grata
1100 1024 1299 1074 carpentis
1326 1024 1461 1073 thyma
1489 1037 1560 1074 pcr
1583 1023 1763 1062 laborem

944 1083 1161 1125 Plurimum
1189 1085 1295 1126 circa
1319 1097 1455 1126 nemus
1482 1084 1668 1137 uvidique

948 1149 1111 1186 Tiburis
1137 1150 1247 1200 ripas
1275 1161 1447 1199 operosa
1473 1160 1618 1199 parvus

1078 1210 1264 1250 Carmina
1289 1210 1409 1261 fingo.

420 1269 561 1321 Itaque
588 1270 806 1311 Pindarum
834 1272 873 1311 in
902 1273 1009 1312 omni
1037 1273 1120 1314 fere
1148 1273 1283 1324 poesis
1309 1285 1454 1324 genere
1482 1285 1632 1312 summa
1659 1271 1776 1312 laude
1804 1271 1964 1323 dignum
1992 1274 2032 1311 et
2059 1275 2256 1323 tamquam
2285 1270 2474 1311 victorem
2493 1272 2533 1310 in

223 1331 439 1371 certamine
466 1332 603 1372 laurea
630 1334 858 1373 donandum
887 1348 974 1374 esse
1003 1336 1217 1386 praedicat.
1265 1336 1508 1374 Venusinum
1537 1347 1631 1374 vero
1660 1338 1818 1385 poetam
1847 1339 1887 1373 et
1912 1334 2019 1373 illius
2045 1334 2244 1384 ingenium
2273 1333 2422 1384 optime
2448 1345 2533 1383 per-

223 1394 407 1445 spexisse
440 1397 481 1434 et
513 1398 645 1435 mente
683 1409 731 1435 ac
771 1396 1014 1447 cogitatione
1047 1397 1089 1436 in
1123 1411 1248 1451 opera
1283 1398 1367 1437 cius
1406 1401 1639 1449 penetrasse
1678 1410 1729 1437 ex
1773 1409 1822 1436 eo
1866 1396 2120 1447 intellegitur,
2165 1396 2273 1447 quod
2317 1395 2532 1435 carminum

222 1457 652 1508 praestantissimorum
673 1463 903 1510 argumenta
921 1459 1174 1512 indolemque
1192 1462 1286 1501 inde
1304 1473 1339 1501 a.
1359 1472 1475 1500 versu
1493 1460 1530 1501 9.
1548 1472 1672 1511 usque
1691 1460 1742 1499 ad
1763 1471 1917 1499 versum
1938 1459 1999 1498 24.
2020 1458 2314 1499 accuratissime
2332 1458 2532 1497 describit.

222 1520 356 1570 Atque
384 1532 472 1559 cum
499 1520 615 1559 dicit:

1009 1585 1165 1626 Laurea
1192 1587 1399 1626 donandus
1432 1586 1671 1638 Apollinari,

1010 1646 1090 1688 Seu
1118 1661 1191 1701 per
1217 1650 1390 1689 audaces
1418 1661 1523 1689 nova
1549 1649 1821 1701 dithyrambos

1013 1710 1150 1751 Verba
1177 1713 1358 1752 devolvit
1383 1713 1632 1763 numerisque
1660 1712 1784 1752 fertur

1141 1774 1251 1824 Lege
1279 1775 1432 1823 solutis,

222 1831 570 1884 dithyramborumx
590 1838 770 1876 naturam
797 1835 935 1887 paucis
965 1836 1136 1877 feliciter
1155 1837 1433 1889 complectitur
1458 1837 1756 1888 rectissimeque
1776 1836 1996 1877 adumbrat.
2023 1835 2122 1876 Nam
2142 1834 2220 1875 hoc
2246 1833 2380 1886 poesis
2408 1846 2532 1886 genus

220 1896 272 1935 ad
315 1895 465 1935 Bacchi
498 1899 690 1938 honorem
723 1898 922 1938 excultum
955 1902 995 1938 et
1034 1899 1155 1939 variis
1188 1900 1307 1940 animi
1348 1900 1519 1940 motibus
1553 1900 1893 1940 accommodatum
1932 1898 2168 1938 concitatius
2199 1897 2413 1948 verbisque
2445 1897 2531 1937 sive

220 1957 513 2007 significatione
546 1960 632 1999 sive
666 1960 955 2011 compositione
988 1962 1103 2000 novis
1136 1962 1291 2012 insigne
1324 1963 1399 2001 fuit
1442 1975 1569 2012 neque
1608 1966 1714 2001 certa
1766 1973 2027 2008 numerorum,
2078 1964 2299 2005 metrorum,
2350 1971 2531 1998 versuum

218 2019 460 2071 repetitione
488 2022 717 2071 coercitum,
746 2023 828 2071 sed,
856 2026 899 2061 ut
925 2023 981 2062 ait
1008 2023 1150 2063 Cicero
1180 2025 1248 2074 (de
1282 2029 1380 2063 orat.
1410 2024 1484 2073 111,
1518 2024 1602 2074 48),
1630 2024 1815 2063 licentior
1848 2027 1888 2062 et
1914 2022 2076 2062 divitior
2109 2022 2221 2061 fluxit
2248 2021 2531 2072 dithyrambus,

220 2082 331 2122 cuius
377 2085 555 2124 membra
599 2088 639 2124 et
682 2085 806 2137 pedes
851 2089 942 2125 sunt
980 2087 1022 2125 in
1063 2086 1170 2126 omni
1209 2086 1401 2138 locupleti
1443 2088 1624 2127 oratione
1667 2086 1811 2126 diffusa
1857 2085 1945 2136 (cfr.
1991 2084 2158 2125 Aristot.
2199 2084 2313 2125 Poet.
2359 2084 2422 2134 22,
2466 2084 2532 2123 14:

218 2150 289 2184 τῶν
318 2146 356 2185 δὲ
386 2148 570 2197 ὀνομάτων
598 2149 643 2186 τὰ
672 2148 736 2199 μὲν
764 2149 867 2188 διπλᾶ
896 2150 1052 2200 μάλιστα
1080 2152 1250 2204 ἁρμόττει
1277 2155 1349 2193 τοῖς
1377 2149 1631 2204 διθυράμβοις).

414 2213 451 2250 Α
480 2213 739 2263 dithyrambis
771 2214 964 2253 Horatius
997 2216 1049 2253 ad
1082 2228 1268 2265 paeanes,
1304 2216 1445 2265 quibus
1481 2215 1718 2253 carminibus
1754 2214 1839 2253 deis
1876 2214 2015 2253 laudes
2052 2218 2264 2264 gratesque
2302 2214 2531 2263 agebantur,

218 2277 335 2325 atque
374 2274 541 2326 hymnos
581 2275 632 2316 ad
676 2275 841 2317 heroum
875 2276 1213 2329 praedicationem
1248 2277 1377 2318 iactos
1411 2277 1552 2318 transit
1585 2280 1624 2317 et
1663 2277 1800 2317 horum
1837 2276 2052 2317 carminum
2085 2280 2316 2327 argumenta
2359 2276 2534 2317 breviter

218 2337 460 2389 perstringit,
488 2337 614 2385 Pelei,
644 2339 804 2388 Thesei,
829 2339 999 2379 Pirithoi
1026 2340 1067 2378 in
1089 2339 1375 2380 Centaurorum
1403 2341 1526 2380 caede
1551 2340 1730 2379 virtutem
1758 2346 1796 2378 ct
1828 2339 2160 2391 Bellerophontis,
2190 2340 2256 2390 qui
2284 2339 2530 2379 Chimaeram

221 2400 381 2448 occidit,
411 2400 587 2440 fabulam
615 2401 862 2450 significans:

1005 2463 1085 2505 Seu
1113 2466 1212 2506 deos
1239 2478 1408 2516 regesve
1436 2464 1554 2514 canit,
1583 2465 1747 2505 deorum

1011 2528 1264 2579 Sanguinem,
1293 2541 1367 2581 per
1394 2540 1495 2579 quos
1522 2527 1704 2567 cecidere
1731 2527 1835 2567 iusta

1010 2590 1140 2630 Morte
1167 2591 1367 2639 Centauri,
1397 2590 1544 2630 cecidit
1569 2591 1797 2629 tremendae

1137 2652 1318 2694 Flamma
1344 2652 1589 2693 Chimaerae.

417 2713 519 2752 Tum
547 2719 905 2755 commemorantur
931 2716 1106 2756 carmina
1133 2715 1306 2768 epinicia
1327 2726 1541 2765 eorumque
1568 2714 1824 2755 celeberrima
1844 2715 2067 2767 Olympica,
2096 2728 2197 2767 quae
2223 2716 2311 2767 ipse
2338 2714 2534 2754 Pindarus

220 2776 362 2816 ceteris
389 2775 512 2827 longe
539 2781 745 2828 praestare
772 2779 869 2819 dicit
895 2778 975 2830 (01.
1002 2780 1034 2828 1,
1068 2781 1083 2817 1
1115 2779 1240 2829 sqq.):

1008 2852 1102 2894 Sive
1130 2864 1231 2905 quos
1257 2851 1358 2893 Elea
1386 2851 1544 2892 domum
1571 2852 1726 2893 reducit

1008 2916 1150 2956 Palma
1172 2915 1368 2963 ,caelestes
1397 2915 1627 2967 pugilemve
1655 2928 1848 2967 equumve

1008 2979 1115 3018 Dicit
1141 2982 1181 3018 et
1209 2981 1366 3018 centum
1393 2978 1552 3029 potiore
1580 2978 1704 3028 signis

1134 3040 1298 3080 Munere
1325 3040 1459 3079 donat.

414 3101 447 3141 E
477 3102 690 3154 generibus
717 3106 848 3143 autem
882 3102 1118 3152 certaminis,
1145 3105 1358 3154 postquam
1392 3102 1442 3142 de
1477 3101 1613 3142 divino
1651 3103 1844 3144 victorum
1883 3103 2035 3144 honore
2070 3104 2252 3144 universe
2280 3103 2434 3143 locutus
2461 3105 2534 3150 est,

218 3163 407 3205 victorias
434 3169 475 3205 et
499 3165 747 3217 pugilatione
774 3170 815 3206 et
841 3178 944 3217 equo
972 3170 1107 3217 partas
1133 3165 1325 3205 Horatius
1358 3165 1474 3205 affert
1499 3165 1741 3218 Pindarique
1777 3179 1926 3207 musam
1959 3168 2121 3207 summis
2155 3166 2312 3207 extollit
2338 3166 2532 3212 laudibus,

220 3227 370 3278 quippe
398 3240 476 3278 qua
501 3232 698 3276 tamquam
725 3232 887 3268 aeterna
914 3228 1086 3268 victores
1114 3228 1240 3277 magis
1266 3228 1526 3268 nobilitentur
1553 3242 1668 3279 quam
1697 3229 1760 3269 vel
1788 3233 1943 3270 centum
1969 3230 2121 3270 statuis.
