2714 3443
1191 173 1450 212 -15—

173 314 270 355 deus
299 308 515 353 fertilitatis
542 307 764 357 haberetur,
793 318 842 346 ex
869 304 998 357 gentis
1024 317 1119 345 suae
1145 303 1340 355 religione
1371 301 1480 341 illam
1507 301 1571 341 dei
1604 303 1840 353 potestatem
1866 305 2047 353 repetere
2075 301 2263 353 potuisse.
2318 301 2470 340 Deinde

172 377 368 417 Venerem
397 385 484 413 cum
511 370 704 423 Nymphis
734 369 959 420 Gratiisque
987 372 1130 409 choros
1163 369 1372 407 ducentem
1400 368 1528 405 vatem
1560 364 1799 404 venusinum
1826 376 1875 403 ex
1908 365 2077 415 imagine
2104 378 2127 405 a
2158 364 2334 404 Pindaro
2362 365 2468 416 cogi·

171 435 507 486 tatione‘depicta
535 433 681 472 fecisse
709 433 845 481 (carm.
871 431 903 480 l,
930 433 967 480 4,
994 433 1020 470 5
1044 431 1136 470 coll.
1166 430 1229 470 01.
1255 428 1368 478 XIV,
1395 429 1419 468 8
1447 427 1529 466 οὐδὲ
1557 428 1624 481 γάρ
1653 429 1811 480 θεμερᾶν
1838 427 1916 465 θεοὶ
1944 427 2111 482 Χαρίτων
2140 427 2228 483 ἄτερ
2257 430 2470 482 κοιρανέοντι

170 500 314 555 χορούς)
344 502 385 538 et
409 495 678 549 Nympharum
705 506 792 534 cum
820 492 970 545 Satyris
998 492 1230 533 saltationes
1257 504 1329 544 per
1354 491 1579 543 analogiam
1608 494 1867 531 commentum
1895 503 1982 532 esse
2010 494 2144 543 (cm-m.
2172 494 2204 542 l,
2238 496 2269 542 1,
2295 496 2344 532 31
2375 494 2468 533 coll.

170 567 286 618 Pyth.
314 563 389 611 111,
418 560 465 599 77
495 558 628 613 Ματρί,
665 559 731 597 τάν
766 562 885 612 κοῦραι
917 559 987 612 παρ’
1018 557 1104 608 ἐμὸν
1133 557 1307 611 πρόθυρον
1337 555 1398 595 σὺν
1426 555 1518 595 Πανὶ
1548 557 1741 607 μέλπονται
1777 556 1898 607 θαμά)
1934 556 2192 607 probabiliter
2229 557 2314 597 erui
2347 570 2467 610 posse

170 626 366 667 existimo.
419 623 537 664 Certe
565 635 661 663 vero
691 623 826 662 Musae
854 627 968 662 antra
994 623 1172 662 obtinere
1199 622 1373 661 Pindaro
1406 626 1567 661 auctore
1593 623 1644 660 ab
1671 621 1841 660 Horatio
1876 620 2056 658 dicuntur
2084 620 2218 668 (carm.
2246 620 2321 669 ΙΙΙ,
2350 622 2386 669 3,
2414 622 2464 660 37

169 688 262 729 0011.
289 688 407 737 Pyth.
438 687 508 735 VI,
536 687 587 725 49
618 686 656 724 ἐν
689 691 826 738 μυχοῖσι
854 685 1040 739 Πιερίδων,
1070 685 1142 725 cfr.
1169 684 1337 733 Arnold,
1365 683 1470 726 Diss.
1496 684 1640 734 inaug„
1668 682 1928 730 Quaestiones
1956 683 2006 721 de
2032 682 2200 722 Horatio
2221 681 2465 723 Graecorum

167 750 378 799 imitatore,
406 748 500 790 Hal.
542 749 638 789 1845
671 764 712 803 ρ.
738 751 819 800 22).
872 750 1021 798 Quibus
1054 747 1338 789 commenticiis
1371 746 1404 785 si
1432 747 1631 785 addideris
1669 745 1853 794 Pudoris,
1890 744 2078 792 Iustitiae,
2113 745 2237 793 Fidei,
2272 745 2462 785 Veritatis

168 812 365 852 vinculum
394 812 587 851 sororium
617 813 755 863 (carm.
781 814 812 862 Ι,
839 814 900 862 24,
928 814 953 852 5
980 813 1072 854 0011.
1100 812 1163 853 Ol.
1189 811 1303 860 XIII,
1331 810 1356 849 6
1389 810 1543 861 Εὐνομία
1577 811 1767 862 κασίγνητοί
1803 823 1843 847 τε
1873 809 1958 846 Asta
1988 808 2046 845 καὶ
2075 808 2269 861 ὁμότροφος
2298 809 2460 863 Εἰράνα),

166 875 245 914 iam
273 874 437 913 habebis
465 874 628 913 deorum
657 875 900 926 aliorumque
927 875 1198 923 confictiones,
1227 887 1324 924 quas
1350 875 1563 914 Pindarum
1592 875 1764 913 imitatus
1793 873 1959 914 effinxit.

362 958 468 999 Hinc
494 959 722 1000 deducimur
749 961 800 1000 ad
827 964 1040 1000 extremam
1067 958 1194 999 libelli
1221 959 1344 999 nostri
1372 963 1536 1011 partem.
1576 959 1767 1008 Diximus,
1795 958 2005 999 Horatium
2034 957 2253 998 fabularum
2280 972 2459 1011 magnam

167 1022 325 1075 copiam
351 1023 526 1062 Pindaro
564 1024 726 1066 debere.
778 1023 904 1070 Quam
936 1023 1170 1063 sententiam
1208 1022 1276 1061 vix
1307 1022 1563 1074 impugnabit,
1593 1023 1659 1073 qui
1694 1022 1895 1072 utriusque
1928 1026 2073 1073 poetae
2107 1022 2281 1061 carmina
2311 1027 2459 1062 attento

165 1086 297 1126 animo
324 1085 562 1126 lectitaverit
588 1091 627 1126 et
650 1091 820 1126 mutuam
848 1087 950 1126 inter
971 1099 1042 1126 eos
1070 1085 1399 1125 necessitudinem
1426 1085 1682 1137 perspexerit.
1735 1084 2016 1124 Verumtamen
2044 1085 2110 1135 qui
2137 1085 2213 1124 sibi
2242 1087 2459 1136 proposuit,

165 1152 208 1188 ut
235 1149 517 1200 expiscaretur,
544 1150 648 1189 unde
675 1163 790 1190 unam
819 1150 1032 1190 alteramve
1053 1148 1226 1188 fabulam
1254 1148 1444 1188 Horatius
1464 1148 1761 1200 deprompserit,
1790 1148 1826 1187 ei
1845 1160 2033 1187 summam
2063 1147 2334 1187 difficultatem
2362 1148 2458 1189 haec

165 1211 344 1262 quaestio
379 1211 493 1250 affert
527 1212 677 1251 duabus
715 1212 959 1263 potissimum
992 1213 1042 1250 de
1075 1211 1217 1250 causis.
1271 1213 1402 1261 Atque
1431 1212 1594 1262 primum
1627 1211 1782 1260 quidem
1813 1210 1958 1249 Graeci
1985 1216 2025 1248 et
2050 1210 2218 1249 Romani
2249 1212 2457 1261 praecique

164 1275 333 1324 Augusti
359 1274 602 1325 temporibus
630 1274 831 1313 cotidiano
859 1275 942 1313 fere
971 1287 1043 1312 usu
1071 1278 1111 1313 et
1136 1273 1353 1312 litterarum
1381 1275 1616 1313 commercio
1645 1280 1724 1313 tam
1752 1277 1836 1312 arte
1864 1273 1966 1312 inter
1984 1285 2027 1312 se
2045 1273 2244 1313 coniuncti
2264 1279 2387 1323 erant,
2416 1280 2458 1313 ut

164 1348 347 1386 magnum
372 1335 529 1375 illorum
558 1336 777 1376 fabularum
804 1349 1004 1376 numerum
1034 1337 1139 1388 apud
1168 1339 1239 1376 hos
1260 1335 1531 1388 pervulgatum
1559 1336 1654 1375 etin
1683 1335 1854 1375 omnium
1883 1347 1952 1374 ore
1971 1335 2095 1374 fuisse
2122 1348 2195 1386 par
2212 1336 2274 1375 sit.
2304 1336 2457 1376 Deinde

163 1411 250 1438 cum
277 1399 421 1439 multae
448 1399 608 1439 fabulae
626 1413 706 1440 non
732 1401 839 1452 apud
867 1414 994 1449 unum,
1014 1401 1084 1440 sed
1111 1400 1218 1451 apud
1236 1399 1415 1439 diversos
1442 1400 1655 1450 scriptores
1684 1399 1861 1438 Graecos
1881 1398 2064 1449 legantur
2082 1410 2247 1449 cumque
2264 1399 2454 1439 Horatius

161 1466 285 1501 totum
313 1462 398 1502 fere
426 1462 642 1502 litterarum
671 1463 911 1503 Graecarum
939 1465 1074 1503 orbem
1101 1463 1231 1502 animo
1260 1463 1532 1514 peragraverit
1560 1462 1648 1513 (cfr.
1675 1461 1841 1511 Arnold,
1876 1452 1986 1502 Uber
2014 1461 2077 1501 die
2114 1462 2263 1512 griech.
2290 1462 2454 1503 Studien

162 1525 232 1564 des
259 1523 423 1576 Hor-az),
451 1537 571 1578 saepe
599 1526 708 1565 dubii
736 1526 953 1575 haeremus,
979 1539 1004 1565 a
1030 1537 1200 1577 quonam
1227 1529 1348 1577 poeta
1385 1525 1585 1564 Romanus
1613 1526 1798 1576 pendeat.
1851 1524 2151 1575 Desperandum
2177 1525 2296 1575 igitur
2323 1526 2454 1564 multis

160 1587 260 1626 locis
289 1593 395 1627 esset
421 1600 495 1627 nec
523 1588 642 1628 facile
669 1589 767 1628 certi
795 1590 1010 1639 quidquam
1043 1582 1162 1628 statui
1195 1593 1343 1639 posset,
1371 1588 1446 1626 nisi
1478 1588 1671 1627 interdum
1699 1592 1996 1638 peropportune
2032 1588 2240 1636 accideret,
2269 1595 2311 1626 ut
2337 1590 2453 1628 mani-

161 1649 273 1689 festis
306 1650 464 1690 indiciis
501 1650 736 1692 iuvaremur.
789 1651 919 1704 Saepe
953 1651 1057 1691 enim
1091 1651 1147 1700 fit,
1181 1655 1233 1700 ut,
1260 1651 1327 1690 ubi
1360 1650 1466 1702 apud
1504 1650 1603 1689 duos
1642 1649 1705 1689 vel
1739 1649 1872 1701 plures
1909 1653 2048 1700 poetas
2088 1650 2251 1689 eandem
2282 1651 2453 1691 fabulam

159 1712 390 1763 invenimus,
419 1713 520 1753 alius
547 1714 663 1753 aliter
690 1727 776 1753 eam
803 1718 945 1754 tractet
971 1719 1012 1753 et
1043 1720 1111 1754 aut
1137 1726 1210 1765 pro
1244 1714 1411 1753 consilio
1445 1713 1578 1764 aliqua
1611 1725 1661 1752 ex
1695 1718 1806 1764 parte
1834 1719 2045 1752 commutet
2070 1718 2138 1752 aut
2164 1726 2311 1764 paucas
2338 1722 2451 1753 notas

159 1775 283 1826 eligat
322 1781 389 1816 aut
426 1777 524 1816 nihil
561 1777 749 1817 intactum
786 1778 983 1828 relinquat
1023 1782 1090 1817 aut
1128 1778 1321 1817 diversam
1363 1777 1507 1816 famam
1546 1781 1743 1827 sequatur.
1796 1774 1986 1822 Quotiens
2025 1775 2124 1816 tales
2164 1777 2452 1829 discrepantiae

158 1843 378 1888 occurrunt,
407 1852 506 1879 ansa
534 1841 585 1879 ad
612 1840 795 1879 iudicium
825 1840 1047 1880 faciendum
1084 1841 1198 1880 nobis
1226 1841 1449 1891 praebetur.
1503 1838 1581 1888 Sic,
1618 1843 1659 1877 ut
1695 1851 1771 1878 uno
1806 1839 2020 1890 perfungar
2054 1840 2248 1890 exemplo,
2277 1840 2450 1879 Bellero-

157 1901 316 1951 phontis
346 1902 480 1941 fabula
507 1906 546 1941 et
572 1903 622 1941 ab
649 1902 826 1942 Homero
855 1902 919 1953 (ll.
946 1902 1014 1951 VI,
1039 1903 1109 1942 155
1137 1902 1213 1953 sq.)
1232 1907 1272 1941 et
1290 1915 1314 1941 a
1340 1902 1515 1941 Pindaro
1535 1901 1615 1951 (Ol.
1644 1901 1758 1950 XIII,
1776 1901 1826 1939 65
1851 1913 1932 1951 sq.;
1960 1901 2053 1939 Isth.
2084 1901 2242 1950 V11,44
2268 1903 2344 1952 sq.)
2362 1915 2446 1941 nar-

155 1970 275 2003 ratur.
304 1964 385 2003 Sed
412 1965 446 2003 si
473 1965 674 2015 utriusque
702 1969 847 2016 poetae
875 1965 1139 2005 narrationem
1167 1965 1302 2016 paullo
1330 1965 1551 2004 accuratius
1577 1964 1810 2014 inspexeris,
1851 1976 1920 2003 eos
1952 1963 2055 2003 inter
2082 1977 2124 2003 se
2154 1963 2267 2004 valde
2296 1966 2449 2005 videbis

155 2026 362 2066 dissidere.
415 2026 491 2067 llle
524 2028 627 2067 enim
662 2028 872 2067 memoriae
912 2028 1085 2077 tradidit,
1120 2029 1301 2077 Anteam,
1334 2028 1469 2066 Proeti
1509 2027 1726 2077 coniugem,
1767 2039 1854 2066 cum
1892 2026 2251 2079 Bellerophontem,
2291 2033 2333 2066 ut
2373 2029 2448 2068 sibi

156 2089 473 2139 morigeraretur,
502 2091 687 2129 inducere
722 2092 867 2129 frustra
903 2091 1126 2140 studuisset,
1161 2090 1261 2129 hunc
1293 2090 1399 2140 apud
1438 2089 1616 2128 maritum
1652 2090 1906 2138 criminatam,
1941 2091 2047 2140 quod
2083 2091 2160 2129 vim
2199 2091 2275 2130 sibi
2302 2091 2448 2131 inferre

156 2152 358 2202 voluisset,
388 2165 554 2203 eumque
581 2154 828 2193 adhortatam
857 2166 956 2202 esse,
986 2160 1027 2193 ut
1053 2154 1162 2193 illum
1199 2153 1456 2203 interficeret;
1494 2154 1565 2192 sed
1597 2153 1783 2192 Proetum
1816 2152 2135 2204 Bellerophontis
2163 2159 2308 2194 sortem
2335 2154 2448 2195 mise-

153 2215 270 2253 ritum
298 2228 386 2255 eum
412 2216 454 2255 in
480 2216 643 2267 Lyciam
672 2217 724 2256 ad
751 2229 930 2256 socerum
957 2216 1122 2266 misisse,
1151 2220 1191 2255 ut
1216 2216 1272 2255 ibi
1298 2215 1488 2258 interiret.
1517 2215 1603 2262 Qua
1630 2215 1671 2254 in
1697 2220 1803 2255 terra
1829 2215 2180 2267 Bellerophontem
2201 2216 2446 2259 Chimaeram

153 2277 363 2327 occidisse,
392 2277 575 2330 Solymos
604 2283 645 2319 et
670 2281 892 2318 Amazones
920 2292 1138 2330 superasse,
1169 2279 1249 2318 alia
1267 2279 1445 2330 pericula
1463 2280 1631 2319 feliciter
1650 2278 1889 2318 exhausisse.
1917 2279 2071 2318 Deinde
2098 2279 2310 2330 Lyciorum
2337 2282 2445 2332 regis

152 2337 273 2379 filiam
298 2340 340 2378 in
367 2341 654 2380 matrimonium
682 2341 840 2380 duxisse
868 2346 908 2380 et
934 2346 1012 2380 tres
1032 2341 1182 2380 liberos
1209 2354 1259 2380 ex
1286 2354 1334 2380 ea
1360 2353 1603 2392 procreasse.
1631 2343 1695 2380 Ab
1724 2345 1796 2380 hac
1826 2341 1984 2380 fabulae
2012 2342 2262 2391 expositione
2282 2344 2445 2383 Pindari

151 2403 311 2442 multum
346 2404 487 2443 differt.
543 2404 599 2443 Ut
638 2406 825 2453 omittam,
865 2408 1019 2445 Anteae
1053 2406 1160 2455 apud
1198 2406 1299 2445 huuc
1331 2405 1477 2444 nullam
1515 2405 1747 2444 mentionem
1781 2403 1877 2453 fieri,
1913 2402 2264 2456 Bellerophontem
2297 2404 2443 2459 Pegasi

150 2464 299 2507 auxilio
336 2465 583 2509 Chimaeram
615 2467 860 2509 interemisse
896 2473 935 2509 et
969 2467 1153 2521 Solymos
1193 2469 1492 2519 Amazonesque
1528 2467 1667 2508 vicisse
1703 2466 1771 2507 ille
1809 2470 1948 2507 auctor
1984 2471 2061 2517 est;
2103 2472 2246 2519 postea
2278 2480 2364 2508 cum
2403 2471 2443 2509 in

149 2529 302 2569 caelum
333 2530 463 2583 ipsum
495 2532 711 2571 ascendere
745 2538 909 2571 conatus
945 2537 1060 2580 esset,
1099 2545 1124 2570 a
1161 2533 1318 2582 Pegaso
1347 2533 1539 2570 deiectum
1572 2544 1672 2571 esse.
1725 2532 1809 2571 Iam
1837 2532 1871 2570 si
1906 2532 2287 2582 investigaverimus,
2315 2541 2442 2574 utrum

148 2592 339 2633 Horatius
366 2599 522 2634 secutus
549 2596 601 2635 sit
632 2596 721 2646 (cfr.
749 2609 865 2636 carm.
895 2596 970 2646 Ill,
1007 2596 1041 2645 7,
1083 2596 1209 2645 13-16;
1246 2595 1316 2644 lV,
1358 2597 1416 2645 11,
1450 2596 1499 2635 25
1531 2609 1606 2646 sq.;
1647 2595 1721 2645 111,
1761 2598 1818 2645 12,
1860 2595 1912 2647 8),
1949 2609 2037 2636 eum
2069 2595 2270 2648 utriusque
2297 2604 2439 2649 poetae

148 2656 411 2698 narrationem
447 2658 497 2698 ad
539 2670 649 2698 suum
687 2670 797 2698 usum
830 2658 1079 2698 transtulisse
1112 2658 1294 2700 elucebit.
1344 2657 1444 2698 Nam
1478 2662 1518 2698 et
1550 2661 1703 2698 Anteae
1739 2659 1904 2698 insidias
1937 2660 2076 2710 tangit,
2112 2672 2210 2710 quas
2244 2661 2439 2702 Pindarus

144 2717 313 2769 ignorat,
340 2725 380 2759 et
409 2721 755 2772 Bellerophontem
783 2722 1026 2761 Chimaeram
1052 2723 1198 2772 Pegasi
1226 2723 1396 2761 volucris
1425 2734 1501 2772 ope
1522 2722 1715 2760 occidisse
1742 2728 1783 2761 et
1809 2728 1953 2773 postea
1974 2726 2024 2763 ab
2052 2737 2100 2763 eo
2129 2726 2322 2765 deiectum
2350 2739 2438 2767 esse

145 2787 290 2832 narrat,
316 2783 359 2822 id
386 2784 493 2833 quod
519 2784 624 2834 apud
651 2783 867 2823 Homerum
900 2797 980 2823 non
1012 2784 1169 2834 legitur.
1224 2784 1412 2823 Videmus
1448 2785 1578 2834 igitur,
1616 2784 1824 2824 Horatium
1859 2786 2033 2826 fabulam
2072 2801 2253 2840 maguam
2287 2795 2437 2839 partem

143 2854 192 2882 ex
218 2844 392 2886 Pindaro
420 2846 647 2897 sumpsisse.
700 2846 861 2897 Lyncei,
890 2847 999 2887 cuius
1026 2846 1219 2887 acerrima
1246 2847 1447 2887 oculorum
1474 2846 1580 2886 acies
1620 2852 1705 2887 erat
1740 2847 1840 2899 (Sat.
1872 2848 1904 2898 I,
1933 2850 1969 2899 2,
1997 2850 2066 2900 903
2106 2850 2232 2902 Epist.
2261 2851 2293 2900 Ι,
2325 2854 2356 2902 l,
2386 2855 2436 2892 28

144 2905 236 2946 0011.
263 2906 375 2947 Nem.
402 2907 455 2957 X,
482 2908 560 2959 61),
587 2908 699 2948 Pelei
726 2914 766 2948 et
791 2909 1130 2960 Hypermnestrae
1156 2909 1221 2960 (eo
1249 2910 1405 2948 nomine
1432 2922 1456 2947 a
1481 2910 1669 2958 Pindar0‚
1707 2912 1757 2948 ab
1785 2911 1875 2949 aliis
1903 2913 2160 2961 Astydameia
2196 2915 2435 2965 appellatur)

143 2967 280 3017 (carm.
305 2971 381 3020 ΙΙΙ,
409 2972 444 3019 7,
476 2971 520 3010 17
548 2972 641 3013 coll.
693 2972 805 3014 Nem.
831 2972 902 3021 VI,
928 2973 997 3022 563
1029 2972 1075 3022 V,
1101 2973 1151 3012 26
1178 2973 1269 3023 sq.),
1293 2972 1591 3024 Porphyrionis,
1619 2973 1725 3024 regis
1754 2974 1969 3024 Gigantum
1997 2976 2133 3025 (carm.
2159 2974 2232 3025 111,
2260 2977 2312 3017 54
2339 2978 2434 3021 coll.

142 3029 259 3083 Pyth.
277 3031 389 3084 VIII,
422 3033 479 3084 17,
510 3032 584 3086 18),
613 3034 831 3087 Typhonis,
860 3034 924 3075 cui
951 3036 1082 3076 Aetna
1108 3035 1295 3088 imposita
1320 3038 1380 3075 est
1407 3035 1544 3087 (carm.
1568 3035 1641 3086 Ill,
1671 3037 1708 3086 4,
1736 3037 1787 3077 53
1818 3038 1901 3088 (75)
1930 3037 2021 3078 coll.
2047 3038 2165 3089 Pyth.
2199 3037 2229 3087 I,
2263 3040 2309 3078 15
2343 3042 2433 3093 sq.),

141 3092 297 3134 Iasonis
323 3095 459 3146 (carm.
485 3096 557 3147 1V,
584 3097 621 3145 4,
651 3098 719 3148 633
756 3098 888 3149 Epod.
920 3099 957 3147 3,
995 3099 1019 3137 9
1051 3111 1138 3149 sqq.
1172 3099 1263 3137 coll.
1296 3099 1413 3149 Pyth.
1449 3099 1536 3147 IV),
1570 3101 1721 3139 Ixionis
1755 3101 1888 3151 (carm.
1924 3101 1999 3148 ΙΙΙ,
2031 3103 2088 3149 11,
2118 3104 2163 3140 21
2195 3103 2287 3141 coll.
2316 3105 2434 3154 Pyth.

140 3155 194 3204 ΙΙ,
221 3156 268 3195 21
298 3159 375 3209 sq.)
403 3159 559 3200 fabulas
586 3173 636 3199 ex
663 3161 804 3200 eodem
833 3161 943 3200 fonte
970 3161 1130 3200 fluxisse
1156 3161 1477 3201 verisimillimum
1505 3167 1576 3202 est.
1604 3164 1819 3204 Praeterea
1845 3163 1981 3214 quales
2008 3164 2203 3205 Pindarus
2230 3166 2432 3218 describit,

117 3218 241 3262 'tales
268 3221 476 3265 adumbrat
500 3223 707 3265 Horatius:
743 3225 953 3279 superbum
982 3223 1202 3288 Tantalum,
1236 3224 1442 3266 convivam
1477 3225 1639 3268 deorum
1677 3227 1811 3282 (carm.
1845 3227 1897 3280 11,
1936 3227 1993 3280 18,
2026 3227 2076 3267 36
2087 3241 2096 3280 ς
2129 3229 2157 3280 l,
2191 3229 2252 3283 28,
2288 3230 2310 3273 7
2339 3232 2432 3275 coll.
