2714 3443
1204 310 1465 349 -17-

176 446 324 486 Dissen
350 443 391 480 in
420 437 652 490 quaestione
682 436 849 476 editioni
885 449 980 476 suae
1014 437 1233 488 praemissa
1266 437 1462 477 subtiliter
1500 437 1742 488 copioseque
1775 437 1969 488 exposuit,
2011 437 2118 476 illius
2146 437 2388 477 carminibus
2416 450 2501 488 per·

177 504 397 561 pendendis
424 500 687 553 supersedere
714 498 822 539 licet.
850 498 931 539 Sed
960 513 1051 539 num
1078 498 1271 539 Horatius
1299 498 1446 539 fabulis
1467 499 1637 539 eandem
1663 500 1740 539 vim
1769 504 1809 538 et
1826 499 2099 539 auctoritatem
2128 499 2354 539 attribuerit
2380 503 2498 550 atque

177 569 373 610 Pindarus
405 564 622 602 videamus.
680 560 798 607 Quod
833 561 943 600 nulla
982 574 1027 601 re
1061 562 1201 600 melius
1240 557 1487 611 intellegitur
1528 574 1644 611 quam
1687 561 1964 600 nonnullorum
2006 562 2221 600 carminum
2260 562 2503 615 argumentis

177 627 446 673 recensendis.
508 625 556 664 In
596 625 766 676 septimo
807 625 966 675 quidem
1008 625 1184 664 carmine
1227 619 1319 664 libn·
1360 625 1475 675 primi
1516 624 1706 663 Horatius
1746 624 1963 663 Munatium
1997 624 2189 663 Plancum
2223 625 2415 673 hortatur,
2455 638 2505 664 ne

178 695 349 736 animum
377 689 551 737 abiiciat,
580 688 651 728 sed
676 691 721 726 ut
746 687 1013 727 calamitatem
1043 687 1243 739 patienter
1269 688 1374 727 ierat
1401 688 1585 737 vitaeque
1612 687 1920 727 iucunditatibus
1949 686 2109 735 fruatur,
2138 692 2178 727 et
2197 688 2340 727 Teucri
2370 688 2502 739 patria

179 754 349 798 extorris
377 750 560 803 exemplo
588 751 718 799 docet,
746 749 937 799 homines,
965 749 999 790 si
1026 749 1351 801 tranquillitatem
1382 754 1423 790 et
1454 749 1692 789 hilaritatem
1721 753 1890 799 teneant,
1919 750 2059 789 beatos
2089 750 2186 790 fore.
2240 750 2283 789 C.
2315 750 2499 801 Valgium

178 819 323 860 Rufum
351 815 530 862 amicum,
558 813 625 864 qui
652 825 703 853 ex
730 813 842 865 pueri
870 813 1007 853 dilecti
1033 818 1160 853 morte
1188 826 1372 863 magnum
1400 812 1585 853 dolorem
1613 817 1853 864 susceperat,
1881 817 1924 852 ut
1950 813 2179 852 consoletur
2206 818 2245 853 et
2272 814 2492 854 maestitiae

180 886 298 932 atque
326 877 480 918 doloris
507 875 622 915 finem
653 875 877 914 faciendum
905 887 994 914 esse
1021 879 1192 923 moneat,
1221 876 1273 915 ad
1299 875 1499 914 Priamum
1528 880 1568 913 et
1599 874 1808 914 Nestorem
1832 887 1948 914 senes
1976 880 2152 923 revocat,
2182 876 2248 926 qui
2277 876 2378 914 caris
2406 876 2498 915 filiis

181 943 311 984 orbati
326 940 459 981 luctui
485 952 564 979 non
594 951 751 989 semper
778 952 822 978 se
848 938 1096 986 tradiderint,
1116 939 1188 978 sed
1214 939 1369 978 animos
1386 938 1612 990 receperint
1630 939 1767 986 (carm.
1795 938 1848 986 ΙΙ,
1879 938 1934 987 9).
1962 939 2028 978 Ad
2050 940 2295 978 constantiae
2317 940 2496 979 virtutem

179 1003 370 1048 Romanis
398 1001 751 1043 commendandam
778 1000 938 1041 Romuli
972 1000 1334 1053 splendidissimum
1364 1000 1586 1054 exemplum
1621 1001 1745 1051 affert,
1774 1001 1841 1053 qui
1875 1001 1938 1042 vel
1966 1001 2130 1051 Iunone,
2158 1001 2348 1042 Romanis
2375 1002 2497 1042 inimi·

182 1069 350 1116 cissima,
383 1066 455 1106 sed
490 1064 697 1117 praeclara
729 1064 813 1103 eius
848 1064 992 1103 virtute
1026 1068 1235 1112 commota,
1271 1065 1512 1104 assentiente
1545 1065 1649 1103 inter
1692 1066 1789 1104 deos
1828 1070 2010 1117 receptus
2049 1066 2110 1113 sit,
2151 1070 2191 1104 et
2232 1066 2281 1104 ad
2320 1065 2498 1105 Pollucis

181 1130 444 1179 Herculisque
458 1127 633 1167 fabulam
648 1127 789 1174 reiicit,
810 1127 877 1176 qui
897 1132 991 1177 post
1010 1127 1155 1166 multos
1176 1127 1335 1166 labores
1355 1128 1512 1166 fortiter
1533 1129 1710 1178 perlatos
1728 1129 1769 1166 in
1788 1128 1938 1167 caelum
1957 1129 2086 1167 evecti
2107 1129 2186 1167 sint
2205 1128 2339 1177 (carm.
2359 1129 2421 1166 ΙΙΙ
2440 1129 2496 1175 3).

182 1192 359 1244 Imagine
393 1201 552 1242 pugnae
580 1189 691 1229 Iovis
720 1188 1001 1240 sapientissimi
1030 1195 1070 1228 et
1093 1189 1356 1240 potentissimi
1385 1201 1473 1229 cum
1493 1189 1705 1229 Titanibus
1734 1189 2059 1240 Gigantibusque,
2087 1190 2240 1229 rudium
2262 1194 2302 1229 et
2329 1190 2494 1230 effrena-

181 1260 308 1296 tarum
334 1253 476 1293 virium
504 1252 710 1303 exemplis,
740 1252 818 1290 vim
846 1251 1014 1290 consilio
1042 1263 1123 1290 non
1150 1254 1407 1303 temperatam
1426 1264 1585 1291 caecam
1606 1257 1645 1292 et
1671 1253 1797 1304 ipsam
1826 1253 1900 1292 sibi
1929 1253 2117 1303 perniciei
2142 1265 2230 1292 esse
2250 1253 2496 1292 demonstrat

182 1318 317 1368 (carm.
346 1316 420 1364 111,
448 1314 501 1366 4).
556 1315 695 1364 Lyden
728 1314 950 1353 adamatam
985 1313 1156 1364 puellam
1192 1313 1425 1363 Danaidum,
1460 1327 1572 1364 quae,
1610 1315 1716 1364 quod
1749 1315 1874 1354 amori
1909 1328 2043 1354 amore
2080 1327 2160 1353 non
2193 1315 2493 1365 responderent,

184 1391 317 1432 poena
343 1377 580 1428 gravissima
613 1377 781 1416 affectae
808 1376 897 1424 sint,
933 1375 1070 1415 fabula
1103 1379 1252 1415 terrere
1286 1380 1326 1415 et
1357 1376 1695 1428 Hypermnestrae
1728 1389 1901 1415 amorem
1936 1381 1976 1415 et
2007 1377 2125 1416 fidem
2159 1377 2282 1427 pluris
2316 1377 2499 1416 facientis

184 1441 311 1482 salute
340 1440 523 1491 exemplo
559 1439 731 1479 animum
766 1438 850 1478 eius
884 1438 1038 1477 mollire
1076 1439 1207 1477 studet
1238 1438 1374 1488 (carm.
1408 1435 1483 1487 III,
1527 1439 1604 1487 11).
1656 1439 1845 1489 Phyllidi,
1880 1452 1981 1490 quae
2016 1439 2199 1490 Telephi,
2232 1439 2500 1479 adulescentis

184 1504 319 1545 divitis
347 1508 387 1543 et
413 1502 540 1543 nobili
568 1514 714 1553 genere
742 1501 836 1550 nati,
864 1513 1000 1541 amore
1026 1501 1245 1541 tenebatur,
1282 1501 1614 1553 Bellerophontis,
1643 1502 1710 1553 qui
1738 1501 1947 1541 Chimaera
1988 1502 2124 1542 occisa
2157 1501 2335 1541 insolens
2370 1502 2498 1541 factus

183 1572 225 1610 in
252 1567 404 1606 caelum
431 1567 561 1615 ipsum
587 1566 804 1604 ascendere
833 1568 1010 1612 conatae,
1038 1565 1109 1603 sed
1137 1577 1161 1602 a
1187 1565 1346 1614 Pegaso
1382 1564 1488 1603 humi
1513 1566 1688 1604 deiectus
1717 1566 1769 1603 sit
1795 1570 1834 1603 et
1859 1566 2121 1603 temeritatem
2150 1565 2277 1612 luerit,
2306 1574 2346 1603 et
2373 1565 2498 1603 Phae·

186 1629 307 1669 tontis
335 1628 482 1668 fabulis
510 1628 660 1676 suadet,
689 1640 739 1667 ne
768 1639 891 1667 vanas
919 1639 1012 1678 spes
1047 1627 1178 1666 animo
1207 1626 1408 1678 concipiat
1440 1631 1480 1666 et
1511 1628 1662 1667 maiora
1689 1631 1823 1675 tentet,
1862 1639 1977 1678 quam
2012 1640 2113 1678 quae
2146 1627 2336 1677 consequi
2371 1627 2500 1678 possit

188 1692 325 1742 (carm.
352 1691 425 1739 IV,
458 1690 532 1741 ll).
587 1691 756 1729 Possum
783 1688 1054 1740 exemplorum
1080 1701 1282 1728 numerum
1310 1690 1520 1740 adaugere,
1549 1690 1620 1728 sed
1647 1690 1711 1728 vel
1738 1701 1786 1728 ex
1813 1690 1875 1738 iis,
1911 1702 2013 1740 quae
2040 1689 2165 1737 attuli,
2202 1689 2359 1728 elucere
2387 1694 2497 1740 puto,

185 1753 396 1791 Horatium
421 1754 560 1791 eadem
587 1757 717 1790 mente
746 1752 891 1789 fabulis
920 1751 1097 1789 carmina
1124 1763 1194 1788 sua
1222 1753 1483 1790 exornavisse
1511 1757 1629 1800 atque
1657 1753 1885 1791 Pindarum.

381 1814 473 1854 Hoc
501 1827 618 1854 unum
646 1814 763 1861 addo,
792 1812 901 1853 illam
930 1812 1254 1859 consuetudinem
1281 1812 1346 1853 vel
1373 1812 1643 1853 locutionibus
1661 1813 1821 1853 Horatii
1847 1813 2079 1864 quibusdam
2101 1813 2328 1864 significari,
2359 1813 2498 1864 quales

188 1881 298 1916 sunt:
328 1877 472 1916 scimus
498 1881 542 1915 ut
577 1879 711 1924 (carm.
753 1876 828 1923 III,
864 1876 901 1921 4,
942 1874 1021 1925 41),
1061 1860 1173 1915 fflstis
1213 1886 1386 1914 mearum
1420 1876 1663 1914 centimanus
1704 1875 1840 1926 Gyges
1880 1876 2161 1914 sententiarum
2202 1875 2315 1922 (ibid.
2351 1888 2388 1914 v.
2417 1875 2497 1924 69),

188 1939 411 1989 exemplum
438 1951 561 1989 grave
586 1941 752 1989 praebet
778 1937 912 1987 (carm.
941 1937 1013 1984 IV,
1046 1938 1104 1984 11,
1132 1937 1213 1986 26),
1241 1938 1377 1976 audiat
1403 1950 1462 1988 sq.
1492 1938 1629 1986 (carm.
1659 1938 1734 1984 III,
1772 1940 1830 1985 11,
1858 1938 1936 1986 25).
1993 1937 2140 1976 Similis
2173 1938 2362 1987 loquendi
2397 1938 2499 1976 ratio

188 2001 295 2051 apud
321 2001 536 2040 Pindarum
575 2001 796 2040 invenitur:
832 2000 953 2038 ἕπεται
988 2000 1019 2037 δ’
1056 2001 1074 2037 ὁ
1108 2000 1220 2051 λόγος
1258 2000 1439 2053 εὐθρόνοις
1477 1999 1625 2050 Κάδμου
1664 2001 1801 2052 κούραις
1841 2000 1920 2051 (01.
1949 2001 1995 2048 ΙΙ,
2026 2001 2104 2049 23),
2136 2001 2292 2042 σὺνδικος
2331 2000 2362 2038 δ’
2400 2000 2498 2051 αὐτῳ

188 2061 328 2102 Ἰολάου
358 2055 496 2114 τύμβος
526 2063 607 2113 (01.
635 2062 708 2112 ῙΧ,
737 2063 816 2114 98),
846 2064 964 2115 ἔμαθε
993 2063 1031 2103 δὲ
1061 2066 1176 2117 σαφές
1206 2064 1340 2115 (Pyth.
1368 2064 1422 2113 II,
1449 2064 1531 2114 25).

383 2129 487 2178 Alia,
517 2141 617 2180 quae
644 2128 748 2168 inter
775 2133 915 2181 poetas
949 2134 1107 2170 nostros
1134 2128 1355 2177 intercedit,
1390 2127 1605 2168 similitudo
1642 2140 1689 2168 ea
1724 2132 1794 2176 est,
1834 2133 1886 2176 ut,
1925 2128 2254 2178 quemadmodum
2288 2128 2498 2178 Pindarus,

188 2192 246 2230 sic
286 2192 477 2231 Horatius
520 2192 675 2230 fabulas
716 2196 759 2229 ut
794 2193 835 2230 in
876 2193 1017 2242 vulgus
1058 2197 1297 2242 pervagatas
1335 2203 1438 2229 nunc
1477 2192 1696 2229 summatim
1736 2195 1858 2237 notet,
1894 2202 1997 2228 nunc
2037 2190 2216 2240 pluribus
2250 2191 2502 2229 lineamentis

189 2255 395 2305 exprimat,
424 2254 519 2305 quin
547 2254 665 2294 etiam
693 2255 870 2304 singulas
898 2260 1031 2306 partes
1058 2260 1138 2295 tam
1168 2255 1254 2294 fuse
1287 2258 1440 2301 tractet,
1475 2258 1516 2292 ut
1542 2253 1581 2292 in
1608 2253 1657 2292 iis
1695 2253 1842 2304 lyricae
1869 2252 2133 2303 expositionis
2161 2266 2351 2292 summam
2380 2266 2502 2305 saepe

188 2320 313 2367 ponat
340 2315 427 2366 (cfr.
456 2328 575 2355 carm.
603 2316 677 2364 111,
705 2317 741 2364 3,
777 2317 840 2366 17;
869 2317 906 2365 4,
933 2317 1001 2367 423
1033 2318 1091 2365 11,
1120 2317 1186 2366 25;
1216 2317 1277 2365 27,
1307 2316 1357 2355 25
1391 2315 1482 2355 coll.
1511 2315 1690 2366 inprimis
1728 2315 1844 2365 Pyth.
1872 2314 1929 2353 lv
1967 2318 2006 2353 et
2039 2326 2142 2364 quae
2170 2315 2315 2354 Dissen
2349 2316 2399 2354 de
2427 2318 2504 2355 hoc

190 2390 300 2417 more
326 2379 493 2418 Pindari
522 2379 737 2430 exposuit).
792 2379 896 2425 Quid
923 2380 1082 2419 fabulae
1109 2381 1291 2427 doceant,
1321 2383 1482 2428 uterque
1508 2391 1599 2417 raro
1636 2378 1793 2416 disertis
1822 2377 1952 2416 verbis
1979 2377 2140 2425 indicat,
2175 2379 2246 2417 sed
2277 2378 2502 2428 legentibus

189 2438 518 2490 interpretatione
547 2442 760 2481 eruendum
786 2441 985 2492 relinquit.
1039 2443 1223 2481 Attamen
1252 2447 1292 2480 ct
1318 2441 1513 2480 Pindarus
1547 2442 1585 2479 et
1610 2439 1800 2479 Horatius
1827 2440 1868 2478 in
1901 2439 2034 2478 fronte
2071 2439 2292 2479 fabularum
2321 2444 2389 2479 aut
2415 2453 2500 2480 sen·

189 2501 351 2541 tentiam
380 2502 469 2553 (cfr.
497 2515 616 2544 carm.
644 2503 676 2553 l,
704 2504 741 2553 3,
769 2505 817 2542 25
845 2517 925 2556 sq.;
952 2503 1027 2554 111,
1054 2504 1095 2555 3)
1117 2508 1185 2543 aut
1211 2503 1357 2543 factum
1385 2501 1518 2554 (earm.
1543 2500 1617 2550 111,
1646 2501 1717 2552 273
1747 2501 1819 2551 IV,
1853 2503 1909 2550 11,
1939 2501 1980 2539 21
2016 2502 2094 2553 sq.)
2123 2506 2285 2554 ponunt,
2316 2514 2394 2553 quo
2416 2507 2501 2543 tota

190 2566 364 2604 narratio
392 2566 604 2606 referenda
632 2572 671 2606 et
699 2567 809 2606 cuius
837 2568 1052 2618 explicatio
1083 2573 1143 2606 est
1171 2567 1261 2616 (cfr.
1295 2567 1432 2604 Dissen
1461 2578 1499 2615 p.
1526 2565 1675 2613 XLVI,
1704 2564 1819 2614 sqq.).

385 2627 551 2667 Talibus
589 2628 909 2668 similitudinibus
943 2630 1083 2668 ductus
1120 2628 1330 2667 Horatium
1368 2627 1409 2664 in
1447 2626 1508 2665 his
1547 2639 1704 2675 quoque
1739 2627 1856 2664 rebus
1894 2626 2110 2664 Pindarum
2149 2627 2377 2666 imitandum
2422 2628 2498 2665 sibi

190 2687 453 2738 proposuisse
481 2690 664 2732 arbitror.
693 2690 864 2730 Accedit
888 2690 996 2731 aliud
1013 2690 1212 2742 quiddam,
1241 2703 1319 2741 quo
1339 2689 1436 2729 haec
1464 2687 1600 2739 opinio
1620 2687 1844 2728 confirmari
1864 2688 2031 2728 videtur.
2060 2687 2161 2728 Nam
2179 2689 2285 2739 quod
2308 2688 2498 2728 Horatius

190 2747 385 2790 interdum
413 2750 503 2803 (cfr.
531 2764 651 2795 carm.
678 2753 710 2802 Ι,
744 2753 800 2803 12,
829 2754 851 2793 7
880 2765 960 2805 sq.;
989 2752 1064 2803 111,
1096 2753 1153 2803 17,
1182 2753 1207 2792 2
1233 2765 1312 2804 sq.;
1340 2750 1412 2800 IV,
1438 2750 1475 2800 4,
1511 2750 1552 2789 17
1581 2750 1658 2802 sq.)
1678 2763 1703 2790 a
1729 2762 1772 2790 re
1794 2750 2003 2803 proposita
2022 2751 2193 2799 deflexit,
2215 2751 2255 2790 in
2273 2763 2321 2790 eo
2341 2763 2498 2802 quoque

192 2822 218 2849 a
241 2812 419 2852 Pindaro
447 2826 536 2854 eum
571 2816 773 2867 proficisci
808 2816 1017 2868 probabile
1049 2820 1119 2854 est.
1178 2816 1355 2866 Denique
1388 2815 1422 2853 si
1456 2813 1566 2852 cuius
1601 2814 1779 2863 vestigiis
1819 2813 2030 2853 Horatium
2058 2815 2098 2852 in
2124 2814 2368 2861 adhibendis,
2403 2814 2497 2851 deli-

194 2873 347 2923 gaudis,
374 2878 592 2918 tractandis
621 2878 767 2919 fabulis
793 2878 1015 2929 ingressum
1042 2891 1132 2918 esse
1158 2878 1357 2926 sumimus,
1389 2876 1579 2917 institisse
1607 2877 1804 2928 putandus
1834 2881 1895 2916 est
1919 2877 2095 2925 Pindari,
2132 2876 2197 2926 qui
2231 2888 2325 2926 prae
2354 2876 2496 2916 ceteris

193 2935 324 2986 poetis
350 2935 487 2988 lyricis
514 2938 738 2981 incredibili
764 2940 944 2982 acumine
971 2944 1012 2981 et
1036 2940 1184 2981 iudicio
1220 2939 1355 2980 subtili
1388 2950 1452 2979 res
1486 2938 1679 2991 mythicas
1713 2950 1824 2978 suum
1851 2937 1893 2977 in
1925 2950 2035 2978 usum
2076 2941 2306 2977 convertere
2333 2937 2498 2978 sciebat.

307 3035 309 3037 .
387 2999 571 3041 Vidimus
597 3003 729 3054 igitur,
756 3004 967 3043 Horatium
994 3016 1044 3043 ex
1068 3003 1229 3043 assidua
1255 3002 1418 3041 Pindari
1442 3001 1614 3040 lectione
1649 3001 1811 3040 multum
1841 3001 2074 3052 profecisse.
2127 3000 2257 3038 Etiam
2287 3001 2498 3039 verborum

195 3060 237 3097 et
260 3061 542 3104 sententiarum
568 3065 764 3115 gravitate
790 3070 909 3117 atque
937 3065 1231 3117 magnificentia
1257 3065 1359 3104 hunc
1384 3063 1613 3104 aemulatur.
1666 3063 1753 3112 Qua
1781 3065 1832 3105 de
1860 3076 1979 3104 causa
2011 3062 2229 3103 Venantius
2256 3062 2498 3103 Fortunatus

196 3119 264 3171 (V,
291 3121 328 3172 6,
357 3121 397 3175 7)
424 3123 614 3168 Flaccum
638 3131 815 3169 nostrum
840 3128 1095 3170 Pindaricum
1122 3127 1278 3168 videtur
1303 3125 1544 3180 appellasse.

1083 3297 1608 3332 *ψ*
