2714 3443
1251 150 1511 193 *IS-⁶*

227 291 290 340 οι,
318 289 350 339 1,
379 291 432 329 54
458 289 549 340 sq),
582 286 890 328 incontinentem
926 285 1085 335 Tityum
1119 284 1255 334 (carm.
1285 282 1360 328 111,
1394 283 1430 330 4,
1465 281 1512 321 77
1542 279 1635 321 0011.
1667 279 1783 331 Pyth.
1812 272 1887 330 IV,
1913 277 1992 332 90),
2020 277 2233 327 corborum
2265 280 2531 341 conticipitem

225 353 363 403 (carm.
392 353 446 401 ΙΙ,
478 353 537 401 13,
579 351 647 400 34;
689 349 763 399 111,
796 350 853 398 ll,
888 348 945 388 16.
978 347 1022 387 17
1064 344 1156 387 coll.
1197 344 1332 386 Schol.
1369 345 1420 384 ad
1461 343 1574 383 lliad.
1603 342 1641 389 θ,
1683 342 1761 382 368
1801 342 1872 382 cfr.
1901 342 2004 393 ng.
2032 357 2071 396 p.
2110 347 2218 398 461),
2259 350 2465 391 Pollucem
2493 356 2533 392 et

226 414 455 464 Herculem,
484 414 676 466 plurimos
704 412 865 452 labores
893 413 1120 450 constanter
1146 419 1361 460 perpessos
1388 411 1428 446 et
1453 407 1493 445 in
1520 406 1671 446 caelum
1698 409 1883 457 receptos
1910 405 2049 454 (carm.
2075 407 2150 456 111,
2178 411 2214 459 3,
2244 412 2287 462 93
2317 412 2444 464 Epist,
2477 413 2531 462 11,

238 480 270 525 1,
298 477 325 515 5
351 491 409 527 sq.
437 476 529 516 coll.
557 476 669 515 Nem.
698 475 750 523 X,
791 474 843 512 49
871 486 963 523 sqq;
992 484 1110 512 carm.
1138 470 1213 518 111,
1241 470 1277 518 3,
1305 469 1341 517 9,
1370 469 1442 517 IV,
1480 469 1516 517 8,
1544 468 1597 508 30
1623 467 1714 508 coll.
1757 467 1856 509 Isth.
1882 467 1942 506 IV
1970 467 2081 518 (ΙΙΙ),
2115 470 2168 510 52
2199 472 2286 524 sq),
2314 475 2530 524 Phoebum,

228 539 328 579 muri
356 537 520 578 Troiani
540 541 741 578 auctorem
760 536 896 586 (carm.
923 533 996 583 111,
1015 533 1051 581 3,
1070 532 1122 572 65
1140 531 1232 573 coll.
1260 530 1322 571 Ol.
1344 530 1455 580 Vnt,
1474 529 1555 581 31),
1576 529 1860 583 Hyperboreos
1877 541 2040 582 campos
2059 530 2183 581 (carm
2213 534 2266 576 Il.
2286 536 2347 586 20,
2370 537 2416 576 16
2436 537 2529 577 coll.

225 603 289 644 Ol.
316 600 390 651 ΠΙ,
423 602 485 651 16;
513 601 632 652 Pyth.
659 599 710 649 X,
738 598 789 638 30
807 597 894 649 sq),
923 597 1093 636 fortasse
1112 596 1288 634 Aeacum
1306 605 1464 645 quoque
1484 593 1666 632 fluctibus
1695 592 1844 643 Stygiis
1863 596 2040 644 ereptum
2059 592 2195 644 (carm.
2223 597 2295 646 lV,
2313 599 2349 648 8,
2368 599 2419 639 25
2436 599 2529 641 coll,

224 667 318 705 Isth.
347 663 448 702 VIII
477 663 606 714 (Vll),
635 663 685 701 23
719 661 806 711 sq).
861 660 922 699 De
949 659 1264 710 Hypermnestra
1291 656 1461 704 fabulae,
1491 670 1606 707 quam
1640 655 1830 696 Horatius
1872 655 2007 705 (carm.
2043 655 2118 696 111.
2154 659 2214 707 ll,
2252 660 2303 700 33
2338 662 2415 713 sq)
2444 663 2528 702 gine

226 727 414 779 magistro
454 726 612 766 uberius
645 723 822 776 exponit,
857 722 1150 762 fundamentum
1184 719 1296 760 Nem.
1326 719 1378 769 X,
1415 719 1440 759 6
1475 718 1642 759 inveniri
1674 722 1782 772 puto.
1835 717 1911 758 His
1944 718 2126 759 omnibus
2159 720 2309 762 addunt
2346 722 2527 766 Nestoris

219 788 503 839 Antilochique
530 788 733 826 historiam
763 787 898 835 (carm.
926 785 980 833 II,
1009 785 1044 832 9,
1077 784 1123 823 13
1150 783 1242 823 coll.
1276 783 1392 833 Pyth.
1425 782 1493 831 VI,
1521 783 1570 822 28
1598 782 1691 833 sq.);
1720 782 1790 822 sed
1812 782 1861 821 de
1893 781 1954 821 his
1972 781 2077 821 haud
2103 782 2188 823 scio
2215 797 2266 824 au
2294 789 2528 837 cognoverit

218 865 240 893 e
267 852 505 893 carminibus
533 849 711 898 Homeri,
731 848 798 900 qui
826 860 905 888 non
924 859 1003 887 uno
1032 846 1124 886 loco
1144 858 1214 886 eos
1236 844 1464 886 celebravit.
1494 845 1622 896 Magis
1641 843 1902 897 probabiliter
1926 844 2080 883 Arnold
2103 845 2287 896 coniecit,
2316 847 2524 890 Horatium

219 915 436 967 Gigantum
464 927 551 955 cum
579 913 760 966 Lapithis
800 912 936 962 (earm.
971 910 1042 959 IV,
1079 911 1116 957 2,
1158 911 1203 948 13
1237 909 1325 949 collv
1365 910 1480 959 frgm.
1519 910 1606 958 166)
1641 913 1681 947 et
1714 908 1823 947 Iovis
1855 920 1941 947 cum
1971 906 2208 958 Gigantibus
2240 919 2280 950 et
2316 912 2523 953 Titanibus

218 992 390 1031 pugnam
419 981 555 1029 (carm.
584 977 637 1025 11,
671 976 728 1025 19,
757 976 800 1015 21
834 988 881 1025 sq
909 989 917 1025 ;
946 974 1020 1023 III,
1047 974 1084 1023 4,
1113 973 1163 1012 49
1190 986 1248 1024 sq.
1277 972 1369 1013 coll.
1396 973 1509 1022 frgm.
1542 970 1630 1022 162;
1658 970 1774 1023 Pyth.
1803 970 1915 1023 VIII,
1959 970 2016 1022 17,
2050 970 2112 1024 18;
2141 971 2256 1025 alias)
2295 986 2320 1015 a
2346 975 2522 1018 Pindaro

217 1043 377 1082 doctum
406 1054 507 1082 esse.

410 1113 586 1155 Fabulas
614 1125 710 1153 vero
739 1112 930 1152 Horatius
957 1123 1037 1150 non
1064 1111 1141 1150 hoc
1173 1110 1304 1149 animo
1341 1110 1576 1148 carminibus
1611 1110 1787 1158 intexuit,
1823 1115 1865 1149 ut
1897 1112 2102 1151 doctrinae
2134 1112 2308 1162 speciem
2343 1126 2440 1164 prae
2477 1127 2521 1156 se

216 1179 347 1227 ferret,
376 1179 447 1218 sed
475 1199 526 1206 —
552 1177 594 1216 id
622 1177 730 1227 quod
759 1174 914 1214 Aruold
941 1173 1060 1224 (Diss.
1087 1173 1218 1222 inaug.
1247 1186 1285 1224 p.
1318 1173 1363 1211 13
1390 1172 1465 1222 sq.)
1492 1173 1663 1223 probare
1690 1174 1838 1212 studuit
1862 1195 1913 1203 —
1940 1178 1982 1212 ut
1999 1173 2204 1214 sententiis
2232 1174 2312 1214 suis
2332 1175 2518 1216 maiorem

216 1241 334 1280 fidem
361 1241 542 1280 adderet.
594 1241 727 1289 Atque
756 1250 842 1277 cum
869 1237 973 1275 idem
1006 1235 1160 1275 Arnold
1201 1225 1331 1284 (Uber
1362 1234 1426 1274 die
1459 1234 1605 1284 griech.
1642 1235 1806 1275 Studien
1842 1236 1913 1276 des
1953 1236 2087 1276 Horaz
2120 1236 2172 1286 II,
2213 1236 2260 1276 14
2295 1237 2372 1289 sq.)
2406 1238 2515 1278 illum

213 1316 339 1353 usum,
367 1302 576 1350 delectum,
605 1300 879 1341 tractationem
907 1311 1035 1338 rerum
1064 1298 1321 1348 mythicarum
1349 1310 1373 1336 a.
1398 1297 1574 1335 Pindaro
1603 1297 1790 1337 didicisse
1819 1299 2042 1347 contendat,
2069 1299 2235 1350 primum
2262 1311 2515 1351 exponemus,

213 1378 291 1416 quo
320 1365 489 1405 consilio
518 1376 674 1415 quaque
700 1363 854 1402 ratione
881 1361 944 1400 hic
973 1359 1127 1400 fabulas
1155 1360 1194 1398 in
1222 1359 1459 1399 carminibus
1488 1359 1569 1399 suis
1587 1360 1821 1410 adhibuerit,
1849 1361 1993 1400 deinde
2013 1374 2102 1401 num
2128 1360 2320 1402 Horatius
2348 1363 2513 1403 eandem

212 1428 316 1468 viam
343 1427 544 1479 ingressus
572 1427 624 1466 sit
651 1436 894 1477 quaeremus,
923 1428 1001 1463 tum
1031 1423 1172 1474 quibus
1199 1422 1439 1473 argumentis
1478 1421 1617 1462 confisi
1651 1422 1757 1462 illam
1793 1424 1960 1463 Arnoldi
1997 1424 2230 1464 senteutiam
2263 1437 2396 1465 veram
2426 1438 2513 1466 esse

213 1496 393 1543 putemus
422 1490 720 1542 explicabimus.

406 1564 590 1605 Carmina
627 1566 756 1603 autem
794 1562 966 1615 epinicia
997 1562 1053 1601 ita
1088 1565 1178 1600 sunt
1210 1563 1451 1612 comparata,
1488 1563 1541 1609 ut,
1579 1560 1651 1600 etsi
1691 1560 1882 1601 victoriae
1920 1560 2289 1602 ludicrae·laudem
2330 1564 2512 1603 carminis

210 1628 505 1667 fundamentum
546 1638 634 1666 esse
671 1629 977 1665 consentaneum
1020 1624 1083 1672 sit,
1117 1628 1249 1663 tamen
1281 1623 1384 1662 aliae
1424 1635 1581 1674 quoque
1620 1628 1661 1662 et
1693 1624 1812 1663 animi
1845 1628 1886 1663 et
1919 1624 2100 1676 corporis
2135 1625 2297 1664 victoris
2335 1626 2511 1675 virtutes,

208 1690 349 1739 quibus
387 1689 557 1728 victoria
601 1692 716 1739 parta
755 1692 826 1735 cst,
867 1687 1126 1726 celebrentur.
1180 1687 1395 1724 Praeterea
1427 1686 1610 1735 quoniam
1650 1686 1818 1726 victoria
1844 1699 1923 1726 non
1951 1688 2195 1738 praestantia
2227 1688 2389 1728 victoris
2425 1689 2512 1729 sola
2578 1690 2584 1693 “

205 1755 409 1803 reportata.
449 1751 672 1803 putabatur,
712 1749 783 1790 sed
822 1749 939 1790 etiam
984 1747 1034 1789 ad
1082 1748 1228 1796 urbem,
1280 1746 1389 1787 cuius
1444 1746 1543 1787 civis
1592 1751 1688 1797 erat,
1733 1748 1988 1798 referebatur,
2038 1749 2099 1788 his
2149 1761 2306 1801 quoque
2353 1750 2510 1790 laudem

205 1814 352 1853 diserte
379 1813 499 1856 tribui
527 1825 601 1865 par
629 1816 700 1853 est.
756 1812 835 1851 Sed
863 1815 1012 1850 tantum
1042 1812 1167 1858 abest,
1195 1814 1237 1847 ut
1265 1810 1324 1848 his
1352 1810 1448 1848 solis
1477 1811 1753 1859 praedicandis
1790 1816 1910 1862 poeta
1950 1813 2179 1860 substiterit,
2218 1818 2260 1851 ut
2298 1814 2509 1852 occasione

203 1877 297 1915 data
309 1876 510 1927 pietatem,
524 1875 847 1922 moderationem,
861 1874 1048 1912 iustitiam
1064 1873 1221 1922 aliaque
1233 1873 1336 1911 bene
1349 1874 1594 1923 honesteque
1607 1873 1763 1912 vivendi
1779 1878 1992 1925 praecepta
2007 1874 2353 1924 commendaverit,
2367 1875 2507 1926 quibus

203 1939 270 1987 qui
290 1950 451 1989 operam
471 1938 557 1991 det,
570 1950 720 1976 summa
747 1936 938 1975 felicitate
958 1948 1048 1975 esse
1078 1934 1295 1982 fruiturum,
1324 1933 1449 1973 malos
1478 1946 1572 1973 vero
1601 1934 1740 1974 iustam
1762 1947 1928 1985 poenam
1948 1948 2117 1976 manere.
2144 1938 2276 1987 Atque
2303 1941 2346 1976 ut
2371 1937 2506 1977 harum

202 2000 388 2039 virtutum
402 1998 676 2040 excellentiam
695 1998 939 2039 demonstret
951 2009 1050 2038 neve
1064 1996 1208 2037 talibus
1227 1995 1569 2036 adhortationibus
1588 2000 1629 2036 et
1640 1997 1903 2048 generalibus,
1919 2010 2016 2049 quas
2035 1998 2200 2050 profert,
2219 1999 2424 2038 sententiis
2444 2000 2507 2039 vis

204 2063 495 2115 auctoritasque
529 2063 643 2112 desit,
680 2061 825 2103 fabulis
860 2060 923 2102 vel
953 2074 978 2102 a
1005 2060 1081 2101 diis
1109 2059 1173 2101 vel
1201 2060 1252 2100 ab
1285 2059 1470 2099 heroibus
1506 2058 1569 2099 vel
1605 2071 1654 2099 ex
1693 2060 1855 2111 antiqua
1886 2064 1954 2100 aut
1989 2061 2207 2101 domestica
2240 2066 2308 2102 aut
2340 2062 2504 2102 aliarum

203 2126 405 2165 civitatum
421 2126 609 2165 memoria
624 2126 759 2176 petitis
777 2125 1040 2164 narrationem
1058 2124 1240 2163 illustrat.
1270 2123 1543 2171 Quoartificio
1562 2126 1721 2173 poetam
1735 2122 1961 2163 felicissime
1975 2137 2086 2163 usum
2101 2137 2188 2165 csse
2203 2137 2317 2165 nemo
2332 2127 2504 2176 negabit.

200 2189 379 2229 Fabulae
408 2188 523 2238 enim,
551 2193 594 2228 ut
620 2188 677 2228 ait
703 2186 859 2237 Dissen,
888 2187 938 2227 de
965 2185 1041 2227 diis
1070 2190 1109 2227 et
1135 2185 1320 2228 heroibus
1348 2185 1551 2227 continent
1587 2184 1779 2237 quidquid
1812 2184 1976 2236 illustre,
2014 2186 2269 2238 praeclarum,
2303 2187 2502 2228 excellens

197 2250 372 2303 populus
402 2249 644 2291 Graecorum
673 2250 989 2301 excogitaverat,
1024 2249 1089 2288 hic
1123 2262 1272 2289 summa
1299 2249 1481 2301 exempla
1517 2249 1770 2297 fortitudinis,
1804 2250 1975 2301 pietatis,
2011 2250 2194 2299 iustitiae,
2223 2252 2502 2290 moderationis

198 2326 387 2365 expressa
414 2317 514 2361 sunl,
535 2314 599 2352 hic
618 2313 822 2353 felicitatis
841 2325 956 2351 rarae
984 2316 1023 2351 et
1041 2312 1190 2352 favoris
1220 2313 1400 2362 deorum3
1429 2312 1492 2351 hic
1510 2311 1661 2351 scelera
1678 2311 1886 2363 impiorum
1905 2312 2150 2363 dignissimis
2169 2313 2308 2365 poenis
2329 2315 2502 2354 coercita

195 2381 235 2415 et
263 2376 453 2416 felicitate
466 2375 609 2415 eximia
635 2388 779 2425 graves
808 2374 1053 2415 calamitates
1072 2374 1250 2414 videmus
1270 2377 1562 2426 compensatas3
1591 2374 1631 2413 in
1653 2374 1797 2414 fabulis
1818 2374 1901 2414 fata
1918 2379 2079 2415 aeterna
2096 2376 2270 2427 gentium
2290 2380 2330 2416 et
2348 2377 2499 2416 urbium

195 2438 431 2491 conspicua,
452 2438 610 2479 fabulae
639 2437 859 2478 divinarum
888 2441 928 2477 et
946 2438 1198 2477 humanarum
1217 2449 1346 2477 rerum
1366 2436 1628 2489 pulcherrima
1645 2441 1685 2476 et
1702 2438 1950 2477 sanctissima
1967 2438 2113 2489 imago.
2140 2438 2378 2479 Fabularum
2405 2452 2500 2478 vero

193 2503 486 2541 tractandarum
514 2503 707 2541 rationem
734 2502 852 2541 aliam
882 2513 969 2540 csse
996 2505 1139 2551 poetae
1159 2501 1275 2552 epici,
1303 2500 1420 2540 aliam
1439 2500 1554 2550 lyrici
1581 2504 1715 2540 notum
1743 2505 1813 2540 est.
1843 2500 1943 2541 Nam
1971 2501 2039 2541 illc
2057 2501 2165 2542 nullo
2194 2506 2303 2543 certo
2331 2502 2499 2543 consilio

193 2565 335 2602 duetus
364 2568 487 2602 totam
527 2562 699 2602 tabulam
733 2576 807 2614 per
839 2562 1015 2612 singulas
1049 2567 1182 2613 partes
1216 2575 1265 2601 ne
1300 2562 1499 2601 levissima
1532 2562 1689 2612 quidem
1722 2563 1905 2602 omittens
1944 2564 2193 2614 persequitur
2226 2570 2265 2604 et
2302 2569 2498 2615 tamquam

192 2625 372 2665 omnibus
400 2625 571 2666 numeris
590 2625 773 2666 absolvit.
801 2624 879 2665 Hic
897 2628 1027 2665 autem
1047 2636 1134 2665 cum
1152 2624 1194 2664 id
1212 2627 1317 2675 agat,
1346 2627 1389 2663 ut
1407 2636 1485 2663 nou
1504 2625 1622 2664 modo
1643 2625 1796 2674 doceat,
1815 2625 1910 2676 quid
1931 2625 2159 2676 fugiendum
2182 2630 2250 2667 aut
2268 2626 2495 2678 petendum,

191 2687 285 2739 quid
313 2701 504 2729 summum
533 2689 678 2729 bouum
706 2691 773 2728 aut
799 2686 941 2727 malum
970 2687 1032 2736 sit,
1061 2688 1260 2739 quomodo
1289 2686 1533 2739 perniciosas
1561 2687 1679 2726 animi
1719 2688 1955 2740 cupiditates
1997 2688 2171 2728 funditus
2199 2693 2375 2728 evertere
2403 2701 2492 2740 pos·

192 2751 325 2800 simus,
354 2753 425 2791 sed
454 2752 573 2791 etiam
602 2752 898 2800 „auctoritatem
927 2751 985 2789 rei
1022 2750 1319 2801 comparatione
1353 2755 1497 2799 augeat
1529 2755 1569 2789 et
1601 2750 1748 2790 similes
1787 2755 1911 2790 status
1939 2764 1986 2791 ue
2013 2752 2271 2792 condiciones
2304 2751 2495 2803 exemplis

189 2827 238 2853 ex
277 2814 512 2864 antiquitate
555 2813 801 2865 depromptis
842 2813 898 2853 ita
935 2813 1116 2861 illustret,
1159 2816 1202 2852 ut
1241 2811 1429 2852 historiae
1468 2812 1602 2863 gnaris
1642 2812 1766 2865 magis
1808 2813 2056 2866 perspicuam
2102 2814 2158 2856 rei
2202 2814 2493 2866 quodammodo

190 2875 403 2927 imaginem
432 2876 670 2929 proponat“,
697 2875 738 2915 in
772 2888 888 2927 quam
915 2875 1129 2927 inspiciant
1161 2879 1358 2926 tamquam
1392 2875 1431 2912 in
1466 2875 1666 2927 speculum
1703 2887 1752 2913 ex
1789 2888 1915 2927 eaque
1951 2877 2027 2915 sibi
2063 2882 2218 2916 sumant
2256 2876 2492 2926 exemplum,

187 2938 278 2986 alia,
307 2951 409 2989 quae
436 2940 488 2978 ad
517 2939 725 2978 consilium
753 2938 999 2990 propositum
1029 2938 1237 2988 pertinent,
1268 2938 1381 2987 eligit
1407 2943 1447 2977 et
1465 2938 1730 2985 vividissimis,
1757 2942 1800 2979 ut
1825 2939 1881 2979 ita
1900 2939 2040 2988 dicam,
2069 2939 2270 2980 coloribus
2297 2938 2488 2991 depingit,

186 3000 277 3049 alia,
318 3014 420 3051 quae
459 3000 557 3040 nihil
597 3001 648 3041 ad
689 3000 806 3041 finem
848 3013 958 3040 suum
1000 3000 1144 3050 valent,
1187 3000 1331 3040 leviter
1362 3004 1510 3040 tantum
1542 3000 1671 3052 tangit
1710 3005 1778 3041 aut
1818 3001 1978 3042 omnino
2011 3002 2169 3043 silentio
2202 3000 2490 3054 praetermittit.

186 3062 343 3104 Docere
380 3063 502 3116 igitur
533 3066 652 3117 atque
691 3064 963 3105 demonstrare
999 3062 1082 3102 vult
1120 3066 1242 3116 poeta
1273 3062 1419 3114 lyricus
1455 3067 1496 3103 et
1527 3064 1578 3103 ad
1615 3064 1846 3104 seutentiam
1890 3077 1998 3105 suam
2033 3064 2281 3104 muniendam
2316 3063 2488 3115 mythice

186 3131 326 3166 ornatu
353 3127 472 3166 utitur
499 3129 617 3167 modo
645 3128 802 3166 uberius
829 3131 997 3166 tractato
1027 3128 1146 3165 modo
1173 3128 1331 3166 summis
1360 3131 1507 3166 tantum
1526 3127 1771 3167 lineamentis
1797 3129 2042 3170 adumbrato.
2069 3127 2193 3175 Quem
2220 3139 2369 3167 morem
2397 3138 2483 3166 cum

185 3189 290 3244 apud
320 3193 460 3244 poetas
489 3189 671 3231 choricos
703 3189 932 3245 lyricosque
967 3192 1046 3229 tum
1081 3189 1186 3244 apud
1221 3188 1434 3230 Pindarum
1468 3189 1742 3243 pervulgatum
1779 3202 1867 3232 esse
1900 3191 2085 3244 quoniam
2120 3189 2216 3232 satis
2254 3191 2410 3231 constat
2448 3192 2488 3232 et
